5092 5650
2108 378 2148 495 3.

426 616 487 698 Ad
520 618 632 694 hune·
652 608 908 693 trecentorum
932 612 1098 712 equitum
1131 634 1327 687 numerum
1359 610 1524 712 receptis
1558 611 1660 686 inter
1691 610 1794 686 cives
1819 612 1978 688 Albanis
2011 613 2147 689 Tullus

259 730 451 811 Hostilius
478 734 515 811 X
549 733 716 833 equitum
749 743 890 807 turmas
917 733 942 807 i.
969 760 1002 809 e.
1015 772 1018 779 ν
1031 732 1169 805 elteros
1197 739 1386 805 trecentos
1414 728 1568 819 addidit,
1588 727 1617 828 ⁶)
1644 728 1744 827 iique
1771 728 1941 805 sexcenti
1964 730 2147 805 institutis
2249 776 2258 793 ι

260 875 284 924 a
308 849 515 949 Tarquinio
540 851 673 925 Prisco
700 849 995 941 Ramnensibus‚
1030 847 1284 937 Titiensibus,
1318 846 1529 921 Luceribus
1561 844 1834 948 posterioribus
1867 848 1915 921 ad
1947 848 2051 922 mille
2077 849 2147 923 du-

260 976 391 1043 centos
416 966 617 1067 redacti.·¹)
947 966 965 983 “
1005 972 1009 979 ’

425 1084 541 1159 Hunc
572 1106 767 1159 numerum
801 1080 969 1181 agnoscit
1004 1078 1137 1155 Giuero
1171 1080 1219 1155 de
1253 1104 1335 1179 nep.
1368 1078 1413 1170 2,
1446 1079 1521 1153 20.
1554 1078 1679 1172 „Sed
1712 1089 1869 1155 tamen
1898 1081 2147 1179 prioribus

260 1198 473 1296 equitnm
498 1199 720 1300 partibus
753 1197 979 1273 secundis
1015 1196 1199 1273 additis
1231 1196 1273 1271 M
1306 1205 1355 1271 et
1388 1196 1460 1269 00
1492 1195 1614 1270 fecit
1646 1197 1885 1295 equites.“
1943 1196 2022 1271 Sed
2046 1195 2147 1274 idem

260 1314 385 1393 addite
419 1338 759 1413 numerumque
794 1314 1070 1415 duplicavit
1095 1322 1345 1411 postquam
1370 1312 1502 1408 bello
1535 1313 1731 1411 subegit
1757 1314 2026 1412 Aequorum
2054 1340 2147 1389 me-

260 1454 394 1529 gnam
427 1440 614 1530 gentem
648 1441 697 1505 et
728 1432 940 1507 ferocem
973 1442 1020 1505 et
1044 1433 1188 1507 rebus
1214 1428 1384 1529 populi
1410 1428 1607 1504 Romani
1631 1428 1998 1505 imminentem.“
2061 1432 2147 1530 Quo

259 1546 344 1621 loco
378 1547 537 1623 dubitari
571 1574 650 1623 non
678 1572 791 1647 posse
826 1547 987 1622 arbitror
1018 1547 1067 1621 de
1090 1570 1190 1621 noua
1216 1555 1256 1619 et
1281 1544 1416 1621 iterata
1440 1546 1693 1645 duplicatione
1718 1548 1886 1645 equitum
1911 1548 2015 1646 loqui
2040 1547 2149 1621 (lice-

258 1686 409 1754 ronem,
442 1660 550 1762 cujus
575 1664 632 1739 rei
657 1662 969 1748 caussam'lnisse
997 1663 1199 1737 adrentum
1225 1661 1345 1737 (laelii
1368 1661 1565 1745 Vibennae
1590 1663 1763 1754 Etrusci,
1796 1664 1859 1761 qui
1892 1675 2027 1763 postea
2058 1662 2149 1739 Ser·

184 1838 190 1851 .
222 1860 224 1865 ,
260 1778 344 1853 vius
371 1780 521 1855 Tullius
555 1781 676 1857 dictura
713 1790 791 1873 est,
810 1815 813 1823 ·
831 1781 1042 1857 ostendisse
1070 1778 1142 1855 sibi
1167 1778 1272 1853 visus
1298 1789 1362 1859 est
1383 1779 1604 1855 Huschlrins
1629 1805 1667 1878 p.
1692 1780 1806 1853 112-
1820 1780 1883 1853 52.
1941 1780 2020 1854 Sed
2054 1781 2150 1855 hene

258 1918 351 1986 rem,
378 1894 484 1995 cujus
510 1918 625 1971 unum
650 1908 793 1973 tanturn
819 1895 1014 1997 probabile
1041 1906 1299 1995 argumentum
1325 1906 1403 1985 est,
1436 1897 1538 1994 quod
1563 1896 1721 1970 Servius
1749 1922 1771 1970 e
1796 1895 1982 1993 Dionysio
2016 1894 2084 1996 (tl,
2111 1897 2148 1971 3.

257 2010 441 2087 Huschke
467 2039 506 2113 p.
531 2012 610 2114 48.)
637 2014 825 2112 equitatus
849 2012 1084 2111 nominisque
1108 2012 1237 2089 Latini
1262 2013 1350 2088 dux·
1367 2011 1487 2087 luisse
1512 2020 1701 2104 narratur,
1720 2012 1767 2087 in
1791 2012 1916 2087 medio
1942 2036 2041 2087 nunc
2067 2014 2149 2111 qui·
2276 2100 2293 2124 .

258 2125 344 2201 dem
377 2128 664 2228 relinquendum
690 2130 924 2222 existimavi,
964 2144 1013 2204 ne
1047 2128 1159 2205 certis
1185 2128 1331 2205 moer-ta
1354 2129 1564 2205 miscerem.
1623 2130 1730 2228 Quae
1757 2128 1858 2203 enim
1883 2131 2074 2229 bucusque
2099 2130 2148 2205 de

259 2243 447 2342 equitibus
471 2248 628 2340 tradidif,
655 2247 881 2323 testimoniis
908 2246 1022 2322 certis
1047 2245 1233 2338 nituntur,
1259 2247 1380 2338 unde,
1407 2270 1519 2344 quum
1546 2246 1592 2319 ad
1619 2245 1741 2320 curias
1767 2256 2010 2343 senatumque
2034 2270 2149 2345 quae·

258 2360 428 2437 stionem‘
451 2364 709 2455 transtuleris,
743 2390 766 2438 a
797 2365 873 2439 fide
907 2372 1100 2439 sumerum
1134 2364 1182 2438 ad
1215 2360 1469 2463 conjecturam
1493 2368 1556 2436 res'
1582 2361 1731 2437 redibit.
1786 2362 1850 2437 Ex
1875 2362 2009 2461 quibus
2034 2388 2150 2460 quae-

259 2476 442 2553 stionibus
477 2503 551 2555 una
583 2490 727 2557 tantum
761 2481 833 2556 huc
865 2478 1042 2581 pertinet.
1103 2481 1189 2579 Non
1222 2478 1341 2555 dubiis
1376 2478 1475 2565 enim
1501 2479 1730 2577 argumentis
1756 2478 1985 2553 Niebuhrius
2010 2481 2149 2573 docuit,

258 2618 380 2692 neque
405 2596 593 2689 Luceres,
627 2622 749 2697 neque
789 2600 974 2690 Albanos,
1009 2596 1120 2697 quiue
1157 2597 1222 2671 alii
1252 2606 1387 2696 postea
1411 2595 1511 2670 inter
1535 2594 1639 2670 cives
1664 2594 1854 2669 Romanos
1880 2596 2024 2695 recepti
2050 2608 2148 2690 sunt,

258 2708 298 2785 in
323 2710 504 2788 Senatum
530 2713 712 2789 Guriesve
748 2714 875 2789 statim
905 2716 1060 2789 ellectos
1087 2738 1183 2787 esse.
1247 2712 1319 2786 Cui
1352 2710 1589 2811 conjecturae
1617 2714 1772 2787 alteram
1798 2709 1971 2811 adjunxit
1995 2695 2149 2787 Huschss

258 2826 354 2901 lius.
416 2831 540 2931 Quum
576 2832 675 2908 enim
710 2831 855 2932 equites
889 2833 1107 2930 legerentur
1140 2841 1179 2906 et
1212 2856 1234 2904 e
1268 2829 1382 2906 curiis
1415 2841 1501 2904 ete
1536 2829 1710 2928 gentibus
1736 2828 1777 2903 in
1803 2828 1993 2934 civitatem
2018 2856 2159 2905 recens

258 2945 443 3045 receptis,
475 2948 515 3022 hi
542 2960 665 3024 autem
692 2973 768 3022 non
794 2950 927 3023 eodem
948 2947 1057 3048 jure,
1083 2971 1157 3045 quo
1183 2958 1336 3023 veteres
1362 2945 1466 3020 cives
1492 2955 1639 3037 essent,
1674 2946 1879 3038 concludit,
1906 2944 2024 3039 idem,
2051 2947 2151 3046 quod

260 3058 360 3137 inter
386 3065 510 3156 cives,
538 3066 649 3140 etiarn
677 3065 777 3141 inter
804 3065 950 3165 equites
977 3063 1096 3137 fuisse
1124 3063 1325 3140 discrimen
1349 3075 1403 3155 ut,
1430 3063 1494 3161 qui
1518 3063 1558 3137 in
1585 3062 1698 3138 curiis
1719 3074 1858 3154 essent,
1884 3062 2010 3161 gravis
2031 3088 2150 3137 arma-

259 3183 385 3270 turae,
420 3179 483 3278 qui
508 3205 641 3256 recens
668 3181 933 3271 advenissent,
968 3178 1066 3254 levis
1093 3191 1301 3255 armaturae
1330 3179 1483 3255 fuerint.
1543 3181 1628 3279 Quo
1661 3180 1782 3253 refert
1814 3179 1936 3252 locum
1969 3176 2151 3261 Varronis

259 3291 307 3366 de
333 3290 380 3366 L.
405 3293 452 3370 L.
477 3296 522 3388 ss,
549 3297 650 3398 3.·p.
675 3297 763 3372 341.
791 3297 868 3398 Sp,
916 3293 1258 3394 Ferensterinm
1292 3321 1315 3371 a
1348 3296 1573 3386 ferendo,
1608 3293 1655 3368 id
1689 3304 1765 3368 est
1796 3294 1936 3368 inane
1969 3318 2019 3366 ac
2045 3294 2150 3369 sine

296 3543 326 3612 ο)
345 3541 406 3597 mv.
428 3546 453 3610 r,
470 3545 513 3601 ce.
549 3545 631 3600 oron.
648 3549 674 3612 a,
692 3547 735 3602 or.
753 3564 780 3616 p.
798 3547 850 3602 cao
869 3553 897 3598 e
915 3561 938 3598 ο.
957 3547 1002 3600 rr..
1034 3528 1133 3600 ranas.
1148 3546 1172 3610 ⁷,
1494 3543 1590 3598 ascen
1607 3549 1710 3596 amu
1728 3541 1895 3598 arbustam
1913 3542 1966 3611 (1,
1983 3542 2038 3611 so)
2055 3543 2116 3598 eoo.

347 3613 372 3667 6.
403 3613 494 3698 valer.
511 3613 588 3713 illan.
608 3618 634 3681 3,
653 3620 677 3672 d.
711 3613 1173 3698 11111111000..0611110011·ῐὶ
2034 3637 2141 3651 ·-—-
2182 3663 2184 3665 ,

298 3750 327 3818 ι)
345 3681 598 3822 lididiududdldrd
617 3701 647 3806 iii
662 3683 1172 3824 Αιῖῗι11311ὶέιεξξ11ᾳνρξτῗξ111ᾛ1εζῗ,
1326 3751 1366 3804 sic
1383 3749 1480 3821 pergit
1499 3767 1523 3804 c.
1541 3750 1591 3815 37,
1618 3738 1645 3804 7.¹
1678 3746 1822 3818 „Neque
1848 3757 1915 3802 tum
1940 3680 2151 3830 Tarquiidus

345 3836 415 3874 vero
433 3831 475 3878 est
492 3824 672 3892 computatio:
1327 3821 1373 3874 de
1400 3820 1554 3888 equitum
1579 3819 1755 3873 centuriis
1779 3817 1968 3887 quidquem
1990 3826 2151 3882 mutavrt,

484 3892 615 3946 Romulus
633 3895 693 3948 300.
763 3929 764 3934 ,
786 3927 790 3934 ›
1326 3903 1466 3942 numero
1491 3888 1640 3941 alteram
1664 3895 1796 3940 tantum
1819 3887 1972 3957 adjecit,
1995 3894 2029 3939 nt
2054 3885 2152 3939 milla

484 3961 578 4014 Tullus
596 3961 726 4016 lloetilius
744 3962 805 4016 000.
1307 3977 1310 3983 ·
1327 3967 1362 4013 et
1384 3958 1588 4028 octingentl
1614 3958 1756 4026 eqnltes
1780 3957 1813 4007 ln
1840 3957 1953 4010 tribus
1971 3958 2152 4009 centurtls

485 4030 648 4100 Tarqrrlnius
665 4031 778 4084 Priscus
796 4031 965 4085 Ramnenses
982 4045 1025 4100 pr.
1076 4029 1137 4086 200.
1326 4030 1484 4080 essent.“
1520 4026 1575 4083 Qut
1592 4041 1670 4078 error
1687 4025 1796 4080 Livium
1812 4023 1962 4089 induxerit,
1981 4032 2009 4078 ut
2027 4026 2062 4079 ed
2081 4025 2152 4078 bunc

799 4099 932 4152 Titienses
980 4115 1022 4170 pr.
1076 4099 1136 4153 200.
1324 4109 1481 4158 rumenam,
1509 4093 1585 4162 cnjus
1609 4111 1707 4148 caussa
1731 4093 1803 4164 apud
1821 4095 1908 4165 ipsum
1930 4093 2030 4147 trusus
2047 4096 2152 4164 quaeri-

798 4169 920 4222 Luceres
984 4183 1023 4236 pr.
1076 4168 1136 4222 200.
1326 4173 1385 4231 tur,
1412 4165 1586 4287 peruenerit,
1611 4171 1728 4237 apparet
1751 4179 1768 4218 e
1792 4163 1863 4218 Plnt
1886 4177 1915 4216 v.
1940 4161 2018 4216 Rom.
2037 4165 2078 4218 13.
2108 4165 2151 4219 10.

798 4238 968 4292 Ramnenses
983 4237 1138 4306 peretto.
1325 4235 1542 4289 stercorentur
1954 4265 1961 4272 *-
2003 4246 2007 4254 ·

800 4307 934 4360 Titienses
984 4313 1054 4374 post.
1077 4306 1138 4360 solt
1796 4301 1914 4358 Romanl
1935 4299 2038 4369 equitas
2056 4301 2117 4356 eoo.

799 4375 921 4433 Luceres
983 4381 1062 4444 post,
1077 4375 1138 4428 100.
1796 4369 1892 4424 Sabini
1972 4395 2008 4408 -
2055 4372 2116 4425 300.

1063 4479 1139 4532 ww.
1797 4438 1898 4494 Albim
1972 4463 2010 4478 '¹⁸'
2056 4441 2117 4496 m·

349 4557 444 4614 lirim
453 4566 551 4626 autem,
564 4564 687 4631 qumvis
698 4563 809 4618 eosdem
817 4576 945 4617 nmseros
953 4561 1054 4617 lrabeat
1064 4564 1101 4628 (l,
1119 4562 1173 4630 13.)
1270 4548 1273 4556 ’
1923 4583 1931 4600 “
2055 4578 2110 4633 000

616 4633 724 4688 Romuli
742 4634 862 4716 Ramnes
881 4631 1059 4702 (Romanos)
1080 4633 1138 4686 100.
1302 4707 1305 4712 ι
1330 4649 1376 4718 quq
1399 4663 1526 4702 mmm,
1548 4646 1702 4718 qqpflmm
1719 4643 1805 4700 efficit
1820 4643 1894 4703 mille
1908 4644 1982 4701 octbr
2001 4652 2086 4699 emor.
2109 4615 2153 4698 ’111

741 4701 867 4825 'mega
891 4704 906 4841 ((
911 4701 1050 4838 181113ξὲ3
1082 4702 1140 4825 ²33·
1331 4735 1385 4802 quo
1399 4718 1499 4801 ‘Sabini
1517 4717 1682 4800 deceperrrnt
1700 4713 1892 4814 Plutarchum,
1911 4715 1930 4767 li
1948 4731 1982 4768 es
1993 4730 2019 4768 tn
2033 4713 2092 4783 jam
2109 4715 2153 4767 ’11-

941 4869 944 4883 .
988 4867 992 4875 ι
1054 4841 1176 4911 W
1328 4784 1654 4924 tsrqpqrbplsulqoqnqeqntur.
1691 4783 1765 4864 (th.
1785 4785 1817 4851 l,
1844 4784 1899 4852 13.)
1918 4782 1952 4837 ct.
1970 4783 2100 4839 Huschke
2116 4783 2152 4836 de

1689 4945 1735 5009 1*
