5092 5650
417 388 493 476 52

412 636 561 728 patrum
587 623 761 702 libertate
788 623 847 702 nsi
874 638 980 720 sunt,
998 625 1047 726 ²⁰)
1081 634 1124 702 ut
1148 623 1411 728 nomenato
1436 621 1727 724 Pollionesqne,
1753 667 1802 682 -
1828 647 1913 702 nam
1940 622 2110 701 etmulti
2144 625 2310 716 inerunt,

415 752 454 820 et
479 745 554 846 ipsi
579 743 698 818 libera
723 742 916 843 republica
942 744 1118 820 vixerant
1143 785 1190 800 -
1217 767 1341 844 neque
1366 743 1513 820 nobiles
1539 769 1626 836 eos,
1655 741 1844 841 quitum,
1876 751 1920 818 ut
1945 769 1967 818 e
1991 742 2102 818 fastis
2126 739 2311 844 perspici-

414 872 488 954 tur,
515 861 554 937 in
578 859 857 960 magistratibus
884 861 1190 953 summiserant,
1219 859 1424 954 Antonios,
1450 858 1645 952 Aemilios,
1672 858 1869 952 Antistios,
1896 859 2087 952 Claudios,
2111 857 2311 950 Domitios,
2343 893 2346 904 ·

415 989 592 1077 utrosque
619 979 746 1078 paullo
773 980 1034 1078 postfuturos
1060 977 1252 1081 principes
1279 975 1464 1070 civitatis,
1494 975 1691 1050 Cornelios
1715 973 1921 1070 Lentulos,
1947 975 2165 1078 Scipiones,
2195 975 2313 1050 llola-

416 1096 555 1188 bellas,
582 1093 826 1194 Calpurnios,
859 1094 1000 1173 Fabios
1026 1095 1234 1188 Maximae,
1266 1093 1424 1187 Furios,
1457 1091 1608 1186 Iunios,
1633 1092 1851 1202 Norbanus,
1875 1094 2104 1194 Pompeios,
2129 1090 2312 1184 Plautios,

301 1256 319 1284 a
417 1209 616 1302 Servilios,
643 1210 873 1306 Scribonios,
899 1211 1125 1290 'l'erentiosa
1151 1237 1283 1290 verum
1304 1223 1392 1314 post
1405 1211 1616 1310 Augustum
1637 1209 1751 1288 auam
1776 1235 1851 1286 non
1869 1235 1950 1306 ⁴uua
1974 1221 2058 1288 erat
2073 1211 2313 1287 Claudiorum

418 1329 579 1420 familia,
597 1327 646 1427 ²²)
682 1351 777 1428 quae
802 1339 973 1406 veterem
1008 1340 1047 1406 et
1079 1311 1229 1407 insitam
1259 1328 1473 1431 snperbiam
1499 1337 1754 1402 conservaret.
1804 1327 2038 1428 Supererant
2060 1339 2141 1405 tum
2166 1351 2313 1428 qnoque

418 1443 657 1544 Scipionum,
683 1445 916 1541 Silanorum,
944 1447 1160 1523 Cassiorum
1191 1471 1326 1547 magna
1350 1443 1520 1522 nomina:
1537 1443 1586 1543 ²³)
1613 1442 1753 1537 Silani,
1781 1445 2000 1522 claritudine
2026 1445 2178 1546 generis
2202 1468 2313 1547 prae·

422 1561 602 1638 collentes
617 1562 667 1665 ²⁴)
687 1575 918 1666 propterque
941 1563 1186 1656 nobilitatem,
1212 1574 1252 1639 et
1272 1573 1454 1656 veterem,
1480 1560 1521 1637 in
1541 1585 1614 1660 qna
1634 1561 1783 1637 educati
1803 1570 1922 1656 eraut,
1947 1561 2184 1662 disciplinam
2203 1561 2315 1638 timor

421 1676 707 1779 imperatorum,
725 1681 775 1779 ²⁵)
810 1680 932 1756 Cassii
958 1679 1092 1782 opibus
1118 1681 1280 1756 vetustis
1306 1690 1347 1756 et
1371 1675 1557 1781 gravitate
1582 1701 1728 1754 morum
1760 1677 1949 1778 insigues,
1962 1678 2012 1779 ⁹⁸)
2037 1680 2139 1778 iique
2164 1677 2242 1754 nati
2274 1677 2315 1752 in

422 1819 467 1870 ea
493 1795 653 1888 familia,
687 1819 781 1894 quae
815 1821 890 1873 non
922 1797 1034 1874 modo
1068 1795 1317 1893 dominatum,
1357 1796 1427 1874 sed
1458 1821 1508 1870 ne
1541 1794 1748 1896 potentiam
1781 1796 1932 1894 quidem
1965 1797 2179 1897 cuiusquam
2212 1795 2316 1871 ferre

422 1924 572 2013 posset,
586 1913 635 2011 ²²)
669 1911 842 2010 idemque
868 1913 1101 2014 principatus
1128 1915 1254 1993 odium
1281 1937 1399 2013 usque
1426 1911 1474 1988 ad
1499 1911 1677 1988 Avidium
1703 1912 1810 1991 ilium
1836 1912 2027 2006 Cassium,
2053 1913 2116 2013 qui
2141 1915 2211 1989 sub
2237 1913 2317 1989 An·

421 2028 563 2102 toninie
590 2025 698 2120 uixit,
725 2031 1032 2133 conservaret.²⁸)
1071 2032 1281 2134 Supererat
1301 2032 1482 2107 Pisonum
1509 2029 1643 2106 domus
1667 2029 1818 2123 nobilis,
1845 2029 2016 2129 obsequii
2040 2029 2180 2132 ignara,
2206 2027 2318 2106 ferox

425 2144 603 2236 moribus,
625 2143 677 2218 ita
698 2155 738 2220 et
759 2147 893 2249 opibus
914 2160 953 2224 et
973 2173 1113 2250 genere
1134 2150 1245 2242 elata,
1264 2159 1309 2225 nt
1324 2147 1508 2251 principis
1529 2145 1650 2250 ipsius
1669 2147 1811 2223 liberos
1831 2159 1874 2222 ut
1893 2149 2050 2224 multum
2071 2148 2170 2224 inira
2190 2175 2233 2224 se
2252 2147 2319 2222 de-

426 2271 634 2360 spectareta
647 2261 696 2358 ²⁹)
724 2287 817 2362 quae
832 2265 975 2340 ‘domus
1003 2291 1115 2365 quum
1142 2268 1321 2353 aNumae
1343 2265 1445 2366 regis
1465 2263 1646 2363 sanguine
1673 2263 1856 2364 originem
1880 2266 2032 2341 trabere
2057 2265 2319 2365 desumet)

427 2399 540 2476 quum
566 2377 619 2452 Μ.
646 2377 792 2475 Crassi,
827 2381 895 2458 Cn.
921 2382 1158 2485 Pompeii³¹)
1185 2395 1224 2460 et
1249 2379 1485 2460 celeberrimi
1510 2381 1690 2480 cuiusque
1716 2381 1859 2458 veteris
1884 2382 2114 2484 reipublicae
2138 2381 2320 2484 imagines

428 2494 656 2589 contineret,
689 2520 738 2572 ne
763 2497 935 2599 Angusto
955 2499 1005 2600 ³²)
1031 2500 1181 2600 quidem
1215 2509 1255 2578 et
1280 2499 1427 2576 Galbae
1444 2495 1494 2598 ³⁸)
1521 2496 1761 2574 successione
1793 2498 2026 2602 principatus
2052 2499 2205 2602 indigna
2236 2501 2320 2577 sisa

430 2621 509 2703 est3
544 2614 613 2688 sub
639 2611 928 2714 imperatoribus
959 2617 1000 2694 in
1033 2642 1177 2695 summo
1211 2618 1354 2693 honore
1380 2625 1482 2707 erat,
1514 2614 1755 2715 pollebatque
1783 2641 1902 2717 usque
1936 2619 1986 2694 ad
2017 2642 2103 2695 eum
2127 2617 2321 2711 Pisonem,

427 2727 490 2829 qui
515 2728 617 2806 inter
647 2729 801 2833 triginta
825 2743 1007 2835 tyrannm
1035 2745 1274 2831 numeratur,
1307 2734 1450 2829 virum,
1491 2730 1584 2827 „cui
1610 2730 1772 2808 similem
1803 2739 1893 2811 tunc
1916 2735 2130 2839 respublica
2154 2735 2322 2814 &mana

432 2998 471 3068 ¹⁰)
489 2994 564 3053 Suet
582 2994 646 3053 (let.
665 2998 708 3066 54,
726 3003 770 3057 55.

432 3092 470 3163 ¹¹)
490 3089 531 3147 Ci.
549 3090 614 3149 Tac.
633 3094 702 3149 Anu.
721 3096 748 3161 3,
767 3096 811 3153 75.
846 3094 922 3151 Suet
941 3092 1006 3153 Cet.
1023 3100 1058 3155 at
1076 3052 1139 3155 coll
1169 3100 1240 3223 qu.
1257 3096 1293 3155 B.
1311 3099 1342 3157 C.

464 3162 775 3289 *aliinliiiffl
793 3162 1013 3293 ii'elbl'nii:
1032 3166 1345 3306 ”ffliml‘iat'

343 3306 347 3313 ⁴
465 3246 599 3356 ionorern
616 3251 807 3373 susciperlilu
819 3304 913 3391 ateius
933 3255 1194 3377 capttbqlaoeom
1211 3308 1345 3376 aemulus,

466 3368 598 3491 ami
612 3372 1346 3566 antaeum

467 3515 495 3565 et
513 3508 704 3577 rempublicam
717 3513 763 3567 obt
775 3524 866 3581 neate,
885 3526 971 3569 ratum
988 3526 1077 3573 umen
1096 3535 1208 3588 pensons
1229 3537 1262 3573 ua
1280 3519 1347 3573 nibil

468 3574 597 3644 baberet,
616 3576 666 3632 nisi
685 3580 758 3649 quod
777 3583 877 3637 iussum
896 3592 1072 3655 sanctumque
1091 3604 1153 3643 esse
1170 3589 1197 3641 ln
1241 3591 1347 3643 omanis

468 3648 670 3717 antiquitatibus
680 3648 799 3721 legisset.
819 3650 1123 3725 superponantur.
1134 3658 1222 3713 Serus.
1234 3660 1258 3725 1,
1268 3657 1346 3715 181.

436 3742 473 3809 ²²)
490 3737 554 3795 Tac.
573 3742 642 3798 Anu.
662 3747 686 3811 1,
705 3749 729 3802 d

436 3833 668 3905 munda

310 3972 313 3977 .
437 3924 472 3991 ²⁴)
491 3922 527 3977 id.
544 3923 578 3979 lb.
600 3924 641 3991 id,
660 3928 685 3982 7.

438 4008 702 4077 mmmmm

438 4100 686 4174 mumma

438 4200 474 4267 11)
493 4197 633 4253 Ciceronis
650 4198 736 4255 verba
752 4208 814 4255 sunt
832 4200 867 4257 de
885 4202 915 4258 C.
935 4202 1040 4260 Cassio.
1075 4202 1146 4261 rin
1164 4202 1196 4281 i,
1212 4206 1253 4263 11.

439 4294 475 4365 ²⁸)
493 4284 625 4379 Callican.
650 4309 676 4347 v.
695 4294 776 4348 Avld.
795 4292 871 4351 Cass.
893 4298 915 4353 1.
950 4296 1001 4352 liic
1019 4314 1086 4370 ergo
1106 4298 1231 4367 Cassius,
1256 4316 1292 4356 ex
1308 4298 1348 4355 ta·

383 4395 386 4407 ’
472 4361 845 4505 sibiniitiulii
861 4365 1350 4508 adiutaadiuuata

473 4515 551 4566 mon,
576 4502 756 4575 dicebatque,
782 4504 848 4561 nibil
874 4521 937 4561 esse
964 4509 1073 4579 gravius
1099 4508 1207 4564 nomine
1234 4510 1349 4581 imperii,

473 4570 627 4709 qppqlwpeo:
641 4584 736 4645 posset
755 4592 772 4631 e
789 4574 929 4648 republica
946 4576 1005 4632 tolli
1025 4578 1077 4635 nisi
1101 4595 1150 4650 per
1167 4578 1283 4635 alteru·
1300 4582 1348 4637 im·

442 4733 480 4803 ¹⁰)
497 4732 562 4789 Tac.
579 4733 650 4787 dun.
668 4733 695 4801 i,
713 4735 756 4791 ta.
784 4736 833 4793 Cn.
852 4736 1008 4807 Pisonem,
1024 4740 1132 4812 ingenio
1149 4742 1299 4799 violerrtum
1322 4753 1350 4799 et

476 4802 597 4873 obsequii
614 4804 750 4876 ignarum,
769 4808 848 4863 insita
865 4808 968 4865 iuncis
984 4826 1002 4864 a
1018 4820 1097 4881 patre
1114 4810 1233 4881 Pisone,
1250 4815 1296 4885 qui
1313 4815 1349 4869 ci·

1442 3002 1529 3058 sterio
1550 3000 1686 3058 adversus
1708 3000 1855 3058 &aerem
1878 3004 1962 3058 iuvit:
1986 3020 2053 3060 mox
2069 3002 2187 3082 Brutum
2210 3014 2240 3062 et
2257 3006 2322 3062 Cas·

1443 3073 1512 3127 sium
1530 3080 1651 3138 secutus,
1667 3089 1802 3127 concesso
1820 3072 1925 3141 reditu,
1943 3076 2074 3144 petitione
2091 3076 2223 3133 bonorum
2241 3077 2323 3133 absti-

1444 3141 1512 3208 nuit,
1531 3141 1617 3197 donee
1636 3140 1708 3197 uitro
1724 3141 1880 3212 ambiretur,
1898 3144 2016 3199 delatum
2033 3144 2070 3200 ab
2084 3147 2127 3201 Au
2147 3156 2208 3202 usto
2227 3165 2322 3203 consa·

1445 3210 1528 3265 iatum
1547 3212 1682 3282 accipere.
1724 3212 1781 3268 Sed
1826 3223 1917 3269 raetcr
1940 3224 2072 3285 paternos
2095 3234 2128 3289 sp
2163 3227 2206 3273 tua
2231 3218 2324 3273 nxorb

1443 3297 1555 3407 qqmue
1563 3279 1713 3337 Plancinae
1730 3282 1794 3338 nobi
1815 3292 1872 3339 tate
1889 3291 1918 3338 et
1935 3286 2032 3356 opibus
2044 3288 2258 3343 accendebatura
2277 3286 2324 3343 vis

1477 3350 1555 3407 berlo
1573 3353 1743 3408 concederes
1760 3354 1863 3408 liberos
1879 3355 1946 3420 elus,
1965 3363 1994 3409 ut
2006 3356 2117 3413 multum
2129 3358 2198 3413 inira
2210 3357 2325 3428 despec-

1445 3430 1513 3476 tare
1549 3420 1595 3477 De
1619 3422 1766 3545 ἭιιηΙο
1785 3424 1904 3490 Pisone,
1930 3426 1974 3493 qni
1997 3442 2016 3478 a
2033 3426 2091 3481 Caii
2128 3426 2155 3482 ia
2177 3426 2325 3498 relegam,

1445 3509 1464 3546 a
1480 3491 1595 3547 Claudio
1613 3508 1644 3545 re
2317 3535 2326 3553 .

1445 3569 1535 3630 „post
1559 3561 1729 3615 consulatum
1752 3572 1875 3617 materna
1893 3562 2045 3619 bereditate
2061 3564 2176 3630 ditatus,
2200 3564 2323 3637 magnili-

1445 3630 1616 3685 centissisuus
1633 3632 1717 3697 vixit,
1740 3634 1852 3688 meritos
1869 3634 2014 3690 sublevare
2030 3636 2126 3705 inopes
2150 3652 2183 3688 ex
2208 3644 2325 3705 utroque

1446 3698 1544 3753 ordine
1569 3699 1678 3755 solitus:
1709 3699 1744 3760 de
1771 3702 1853 3771 plebe
1879 3713 1971 3759 autem
1997 3713 2087 3759 certos
2114 3705 2258 3775 quotannis
2288 3706 2325 3761 sd

1446 3775 1600 3837 equestrem
1619 3786 1730 3825 censum
1747 3770 1962 3844 dignitatemque
1978 3772 2141 3843 provehere.
2170 3774 2204 3829 ci.
2216 3774 2253 3828 de
2271 3774 2325 3830 boe

1446 3838 1562 3893 Cramer
1578 3838 1614 3895 ad
1633 3838 1659 3895 b.
1678 3840 1695 3894 l.
1722 3840 1853 3898 Wernsd.
1871 3850 1957 3914 poett
1976 3844 2039 3897 min.
2058 3841 2104 3908 IV,
2123 3843 2149 3909 i,
2167 3860 2193 3915 p.
2212 3843 2247 3899 36
2264 3862 2324 3915 sqq.

1413 3932 1535 3999 ”ilion
1562 3924 1595 3985 Δ.
1623 3931 1656 3987 1).
1682 3932 1745 3995 ,m
1798 3936 1868 3991 Vos
1894 3954 1913 3991 o
1939 3934 2138 4007 Pompilius
2169 3954 2230 3992 aaa
2261 3941 2324 3993 uia

1446 4000 1712 4145 bazilii?
1732 4004 2326 4146 ·.n¹.i⁸.⁰”t·a,t¹t‘tii⁰ill.¹iit..⁰‚”;

1448 4159 1502 4213 quo
1522 4140 1660 4267 Calpurnii
1678 4144 1822 4199 Pisones·‘.
1857 4144 1956 4199 incerti
1977 4146 2097 4201 auctoris
2115 4148 2214 4218 (Saleii
2231 4147 2325 4220 bassi)

1448 4228 1532 4269 earm.
1550 4229 1568 4267 a
1604 4212 1700 4272 Pison
1718 4231 1762 4286 ap.
1780 4212 1911 4269 Wernsd.
1928 4214 1946 4269 1
1964 4215 1982 4269 1.
2000 4216 2058 4271 init

1951 4283 2013 4340 bluc
2032 4295 2080 4340 tus
2096 4284 2164 4343 Piso

1552 4348 1715 4420 Nobilitas,=
1728 4352 1884 4423 veterisque
1901 4354 1986 4407 citsot
2003 4356 2129 4411 sublimia
2147 4356 2224 4428 Calpi

1551 4418 1688 4491 Nomius,
1711 4422 1851 4479 aonam
1868 4424 1939 4480 inter
1956 4424 2088 4498 fulgentia
2103 4435 2207 4497 gentes

1749 4510 1811 4547 nass
1829 4492 1894 4563 quid
1912 4512 2067 4552 memorare
2083 4512 2196 4549 necesse
2212 4502 2264 4561 est,

1553 4556 1594 4615 Ut
1612 4559 1708 4624 donus
1725 4578 1744 4615 a
1761 4562 1848 4633 Calpo
1866 4580 1965 4619 nomen
1983 4566 2135 4637 Calpurnia
2146 4564 2235 4618 ducat.

1450 4625 1484 4681 cl.
1504 4625 1578 4684 Piut
1596 4647 1624 4685 v.
1642 4628 1787 4697 Nomii.
1823 4632 1904 4694 Pauli
1922 4632 2002 4691 Diae.
2021 4652 2080 4693 eac.
2097 4651 2124 4705 p.
2142 4634 2177 4689 ao
2193 4632 2274 4689 Liud.

1416 4710 1587 4783 11)’1“ιι·.11
1608 4716 1633 4783 i,
1652 4716 1693 4771 itt.

1416 4800 1454 4871 ³¹)
1472 4798 1535 4854 Tac.
1553 4801 1623 4856 Aan.
1644 4803 1668 4869 i,
1687 4800 1728 4856 13.

1691 3501 1752 3546 utos
1770 3501 1827 3560 est,
1852 3492 1945 3549 Scbol.
1964 3492 2021 3549 luv.
2039 3497 2066 3562 5,
2101 3497 2143 3551 oa.
2162 3514 2189 3567 p.
2210 3500 2260 3553 173
2278 3497 2316 3551 Cr

1448 4501 1478 4543 a.
1498 4486 1539 4543 ts.

474 4872 522 4929 rili
545 4872 617 4931 bello
641 4884 813 4946 resurgentes
836 4882 864 4934 in
885 4878 978 4937 dirius
1000 4889 1093 4955 partes
1118 4882 1250 4938 swano
1275 4884 1349 4938 miul-
1416 4886 1453 4955 ¹⁸)
1471 4884 1536 4940 Tac.
1553 4885 1587 4941 ii.
1608 4886 1635 4956 l,
1653 4887 1694 4943 ta.
