5092 5650
1946 348 2140 471 ea

246 602 287 678 in
320 603 418 678 hunc
451 605 730 705 promptissimi¹
757 607 895 707 quique
927 619 1037 708 atque
1070 610 1243 686 fidissimi
1276 613 1365 688 lecti
1398 640 1420 689 a
1451 587 1623 716 principa
1650 630 1795 712 essent,
1833 622 1980 720 sperari
2005 619 2139 721 potuit,

246 720 342 813 fore,
362 733 404 796 ut
425 735 464 798 et
484 723 523 798 in
543 735 676 799 senatu
694 737 732 801 et
750 726 789 801 iu
809 726 963 801 summis
985 727 1261 827 magistratibus
1282 756 1420 806 norum
1441 757 1560 832 genus
1580 733 1814 834 principique
1836 738 2003 813 deditum
2025 749 2139 812 esset.

244 836 372 930 Haec,
410 840 452 914 ni
483 841 614 933 fallor,
653 842 812 942 Augusti
848 842 1004 918 consilia
1037 855 1164 918 erantr
1203 848 1317 938 haec,
1353 849 1522 946 quamvis
1557 849 1825 951 circumspecte
1859 855 2139 954 paullatimque‚

246 955 371 1053 coepit
391 959 587 1055 perlicere,
613 983 689 1033 non
709 984 777 1034 suo
799 969 955 1052 tantum,
982 961 1050 1035 sed
1070 971 1242 1060 tanquam
1264 964 1443 1039 duraturo
1469 991 1540 1064 per
1564 966 1717 1066 longum
1743 979 1893 1068 tempus
1911 971 2139 1072 principatui

242 1072 499 1170 prospiciensa
524 1099 605 1149 rem
626 1075 835 1152 inchoatam
862 1077 1140 1152 suecessoribus
1166 1082 1418 1180 peragendam
1441 1081 1609 1180 reliquit,
1633 1084 1850 1182 addiditque
1869 1087 2137 1186 praecepta‚⁸¹)

242 1211 399 1284 quornm
424 1191 603 1266 uommlla
629 1206 796 1268 secutum
824 1219 908 1270 esse
930 1194 1123 1268 Tiberium
1150 1194 1325 1271 invenio:
1353 1198 1554 1297 proventui
1574 1198 1632 1273 rei
1658 1209 1696 1272 et
1721 1199 1900 1300 ingruens
1926 1205 2039 1278 rebus
2060 1205 2138 1278 Ro·
2193 1279 2197 1285 ,

242 1303 361 1378 mauis
388 1305 529 1402 satum,
561 1320 599 1385 ct
626 1310 807 1386 dissimile
833 1311 1068 1409 sequentium
1093 1313 1361 1413 imperatorum
1386 1313 1577 1414 ingenium
1603 1317 1762 1392 obstitit.

948 1933 1233 2046 aruer
1296 1887 1424 2045 nv.

502 2116 759 2226 Ordinis
798 2127 1113 2261 equestris
1158 2156 1421 2227 occasus
1460 2127 1518 2226 ct
1559 2128 1877 2230 interitus..

1121 2389 1279 2400 nnn——

1061 2605 1219 2708 can.
1263 2605 1314 2690 1.

865 2732 996 2861 'lus
1054 2779 1225 2861 anoH
1283 2779 1478 2863 aurei

242 2964 273 3040 1.
296 2926 505 3061 Quomodo
528 2957 689 3062 dignitas
711 2960 896 3061 equestris
918 2958 1126 3063 a‘patriciis
1148 2963 1196 3038 ad
1217 2960 1477 3063 duodeviginti
1498 2962 1685 3038 centurias
1706 2964 1884 3064 equitum,
1904 2976 1982 3039 tum
2005 2968 2050 3039 ab
2072 2962 2132 3036 his

235 3083 283 3157 'ad
310 3081 478 3156 ordinem
505 3090 717 3179 equestrem
743 3077 1039 3178 publicanosque
1062 3079 1300 3180 pervenerit,
1334 3091 1373 3155 et
1393 3081 1580 3179 quomodo
1606 3079 1666 3154 hic
1692 3094 1780 3181 post
1806 3081 2021 3155 diuturnum
2047 3104 2133 3152 cum

236 3208 369 3272 senatu
396 3195 592 3271 dissidium
625 3220 745 3271 novas
770 3198 839 3271 sub
865 3198 1036 3295 Augusto
1064 3197 1208 3295 ceperit
1234 3197 1360 3289 vires,
1396 3196 1585 3296 prioribus
1610 3196 1718 3272 libris
1742 3200 2036 3273 demonstratum
2062 3205 2132 3270 est.

235 3314 398 3415 Augusti
422 3311 593 3387 instituta
618 3314 829 3413 perbreve
856 3321 1004 3411 tempus
1032 3313 1236 3405 duravere,
1262 3339 1450 3411 ruensque
1477 3313 1516 3387 in
1542 3314 1708 3388 deterius
1734 3316 1902 3388 seculum
1928 3312 2038 3387 unius
2065 3315 2133 3387 ho-

235 3430 347 3507 minis
374 3427 560 3528 sapientia
584 3427 759 3529 superius
782 3436 872 3501 erat.
912 3428 992 3503 Nec
1014 3427 1153 3503 diutius
1179 3430 1362 3507 mansisse
1390 3429 1526 3505 ceteris
1553 3429 1788 3522 enimenin,
1815 3455 1912 3530 quas
1937 3430 1984 3504 ad
2005 3431 2133 3529 splen-

236 3548 363 3622 dorem
392 3546 560 3645 equitum
584 3546 839 3641 renovandum
861 3544 1142 3644 pertinuerunte
1169 3570 1279 3644 quem
1300 3544 1485 3645 principio
1507 3545 1726 3620 libertorum
1752 3572 1926 3622 crescens
1951 3548 2132 3648 potentia,

237 3690 325 3738 mox
345 3674 486 3739 mutata
511 3662 632 3735 forma
652 3660 801 3760 imperii
822 3660 981 3735 Romani
1002 3661 1195 3737 exstinxit.
1235 3662 1315 3737 sed
1334 3662 1553 3761 priusquam
1571 3662 1619 3737 ad
1644 3664 1851 3739 novissima
1871 3666 1967 3767 haec
1988 3663 2131 3738 ordinis

236 3778 312 3855 l'ata
338 3791 544 3871 transeam,
569 3777 674 3852 iuvat
698 3778 809 3851 brevi
834 3777 959 3852 dicere
986 3778 1033 3851 de
1061 3780 1254 3853 anulorum
1282 3802 1479 3853 aureorum
1505 3780 1610 3871 iure,
1636 3781 1755 3877 quod,
1786 3764 2021 3856 coniunctum
2048 3805 2132 3854 cum

237 3897 401 4002 equestri
424 3895 570 3988 ordine,
594 3894 759 3987 easdem,
784 3918 875 3992 quas
896 3892 979 3987 ille,¹
1000 3893 1225 3975 mutationes
1246 3893 1388 3987 babuit,
1415 3919 1601 3993 quumque
1624 3894 1816 3970 diversum
1842 3905 1947 3971 essct
1970 3895 2132 3971 diversis

237 4106 657 4123 eru-affl

270 4236 425 4285 auctorest
443 4229 504 4283 [ἦν.
522 4229 554 4296 2,
581 4233 605 4286 Ι.
639 4226 774 4292 iterata,
792 4225 846 4283 blr
869 4222 982 4295 Equites
1002 4222 1073 4279 enlm
1095 4186 1150 4283 lllls
1218 4230 1253 4291 ⁸¹)
1273 4222 1328 4280 llio
1343 4226 1389 4292 56,
1406 4222 1450 4282 33.
1477 4227 1650 4313 Ἐσεκομίσθη
1668 4228 1702 4284 o'e*
1716 4228 1763 4283 καῖ
1777 4230 1867 4298 βιβλία
1884 4230 2016 4303 re'rcnpa·
2030 4256 2067 4271 ·-
2083 4226 2129 4281 ael

312 4302 406 4369 nclpes
430 4299 592 4366 luveututls,
618 4300 722 4368 equites
740 4297 912 4351 seminarium
936 4305 1060 4349 senatus:
1085 4297 1150 4351 inde
1252 4298 1283 4351 sd
1298 4301 1435 4371 τέταρτον,
1462 4298 1566 4374 treolae
1581 4300 1628 4351 xci
1653 4303 1804 4368 ἐπισκήψεις
1829 4302 1869 4370 τῷ
1884 4305 2001 4372 Τιβερίῳ
2024 4300 2068 4351 καὶ
2093 4297 2130 4370 τῷ

281 4380 357 4423 cetos
381 4370 408 4422 ln
433 4376 538 4439 patrum
560 4386 699 4422 numerum
719 4366 862 4431 consules,
888 4366 954 4419 inde
969 4365 1148 4435 imperatores
1251 4368 1344 4439 κοινῷ,
1364 4365 1443 4425 anae
1459 4385 1486 4420 ra
1503 4368 1549 4439 καὶ
1567 4365 1638 4425 ὅπως
1654 4369 1713 4434 μηκ’
1733 4370 1924 4441 arenaeque
1940 4368 2064 4432 πολλοὺς,
2082 4370 2128 4422 ira

259 4448 372 4503 ,creant
408 4436 549 4506 Lamprld.
566 4438 642 4493 Ales.
662 4440 732 4492 Sev,
750 4435 790 4489 19.
827 4435 901 4489 ldem
920 4434 1061 4489 libertinos
1082 4454 1147 4490 nun
1248 4439 1289 4507 po}
1303 4436 1479 4489 παντοδαποῦ·
1492 4435 1571 4506 ὄχλον
1589 4437 1635 4502 κᾷν
1651 4439 1729 4490 πόλιν
1738 4439 1908 4510 πὶηρόσωσο·
1924 4437 1984 4507 μην·
1997 4432 2035 4489 cul
2043 4440 2128 4503 ἐςτήν

269 4528 348 4579 qutun
367 4508 393 4561 ln
413 4514 566 4575 equestrem
585 4505 674 4560 locum
692 4505 806 4576 redegit,
824 4522 959 4569 assereus,
978 4502 1149 4559 seminarium
1250 4506 1388 4559 πολιτείαν
1402 4505 1512 4575 copretis
1530 4508 1708 4579 ἐσγρᾰφωσιν,
1736 4509 1781 4559 tra
1797 4505 1910 4558 meldad
1927 4506 2066 4582 διάφορον
2079 4507 2128 4561 at»
2157 4526 2160 4529 ’

269 4588 425 4665 senatorum
439 4576 775 4663 equestrernlocqmesse.
795 4572 1147 4663 lpsepb.Apthq.lb‚l„l.
1250 4576 1305 4631 τοῖς
1328 4592 1348 4627 π
1367 4574 1394 4630 dr
1418 4573 1477 4630 roric
1500 4573 1629 4695 ὑπηκόους
1653 4574 1686 4649 ᾖ,
1701 4592 1735 4632 κ.
1753 4593 1774 4627 r.
1790 4575 1828 4666 i*
1854 4572 1918 4626 Tac
1938 4574 2009 4628 dnrr.
2030 4575 2064 4641 1,
2086 4576 2127 4629 ll.

268 4643 1154 4788 tttttttttttttt‘tt'ttlltttt‘ttttttttttt
1248 4642 1325 4763 ilii
1352 4642 1708 4766 diditi-illidii·
1727 4640 1879 4777 {affini}
1894 4643 1997 4768 ttttt
2014 4644 2130 4778 titt:

268 4788 446 4858 συγκλητικοῖς
462 4783 518 4838 tut
532 4786 575 4851 τῆς
591 4786 691 4841 utitur
709 4783 867 4855 ἀγομένων,
893 4784 939 4837 abd
955 4782 986 4837 ao*
1004 4784 1032 4837 lx
1050 4786 1148 4837 τούτων
1249 4781 1320 4839 ens
1345 4789 1375 4835 to
1393 4782 1539 4853 quotannis
1554 4780 1687 4855 Kalendis
1713 4781 1807 4833 nnuot'
1851 4781 2045 4837 renitebantur.
2070 4783 2126 4836 Dlo

268 4860 305 4913 etr
322 4857 367 4921 τήν
383 4854 478 4925 βουλὴν
496 4856 563 4909 eirca
580 4855 754 4919 κατακλήσεις.
781 4926 785 4934 Ι
837 4854 843 4865 ”
1247 4850 1293 4915 to,
1312 4849 1356 4904 lll.
