5092 5650
995 633 1150 737 Gap.
1200 606 1317 717 ΙΪῙ.

529 786 687 893 Bello¹
708 788 905 873 civilia
935 813 968 871 a
997 788 1150 872 Sulla
1184 813 1353 898 usque
1382 789 1444 872 ad
1472 790 1786 904 Augustum.
1879 780 1883 786 ’

219 974 254 1049 l.
291 946 460 1051 Dnabu
486 998 603 1074 nsque
630 976 675 1051 ad
701 976 773 1049 hoc
797 984 946 1077 tempus
972 974 1270 1051 contentionibus
1296 973 1469 1053 civilibus
1489 976 1703 1078 respublica
1727 977 1895 1051 Romana
1919 996 2099 1068 concussa

213 1094 359 1188 fueret,
392 1102 522 1169 vetere
547 1093 612 1167 illa
636 1091 736 1169 inter
768 1090 945 1193 patricios
980 1102 1019 1169 et
1043 1093 1232 1193 plebeios,
1265 1103 1306 1169 et
1330 1093 1473 1169 recenti
1499 1093 1599 1171 inter
1631 1094 1776 1169 nobiles
1812 1105 1852 1168 et
1883 1095 2097 1194 populares.

215 1212 383 1312 Quarum
416 1220 571 1309 utraque
606 1210 652 1285 ab
686 1211 804 1285 altera
835 1208 947 1310 plane
981 1208 1132 1287 diversa
1165 1209 1247 1285 init.
1299 1210 1395 1287 Nam
1419 1210 1496 1301 illis
1529 1212 1760 1312 temporibus
1795 1209 1936 1287 ordinis
1973 1221 2101 1286 contra
2149 1224 2156 1237 ‘

216 1330 387 1407 ordinem
413 1338 599 1403 certamen
624 1326 766 1418 hietat,
800 1351 920 1425 neque
946 1325 1195 1427 singulorum,
1230 1337 1272 1402 ut
1297 1339 1404 1405 erant
1430 1328 1512 1405 eins
1546 1329 1677 1405 aetatis
1704 1355 1847 1423 mores,
1885 1326 1953 1401 sed
1979 1324 2100 1401 cuncti

214 1446 359 1523 ordinis
385 1445 575 1521 commodo
601 1445 819 1545 agebantur,
842 1453 995 1542 eratque
1023 1444 1115 1521 ordo
1140 1456 1300 1551 uterque
1324 1444 1488 1546 coniugii
1508 1446 1795 1545 commerciique
1820 1456 1923 1521 certo
1950 1442 2100 1517 vinculo

212 1574 255 1639 ot
280 1563 494 1639 coniunctus
520 1562 619 1639 inter
642 1588 684 1639 se
705 1572 744 1635 et
764 1564 809 1635 ab
832 1563 951 1637 altero
970 1560 1191 1639 disiunctus.
1228 1564 1265 1637 N
1267 1562 1471 1641 obilitatem
1491 1573 1621 1638 contra
1640 1565 1738 1639 dnae
1756 1589 1819 1639 rea
1841 1561 2099 1663 perdiderunt,

213 1682 351 1775 alteru,
385 1679 483 1779 quod
508 1681 591 1757 iere
618 1681 664 1754 ab
690 1680 823 1757 eodem
848 1690 1038 1782 tempore,
1073 1704 1145 1780 quo
1171 1680 1413 1781 patriciorum
1436 1679 1520 1757 iura
1549 1682 1698 1783 legibus
1721 1680 1879 1755 Liciniis
1912 1676 2099 1775 antiquata

91 1857 96 1865 .
213 1808 321 1891 sunt,
355 1822 438 1873 cum
463 1796 659 1873 nobilitate
685 1806 838 1876 exortus
865 1808 924 1873 est
948 1796 1082 1873 tertius
1109 1797 1221 1889 ordo,
1255 1822 1330 1873 non
1355 1797 1559 1875 honoribus
1588 1799 1737 1897 quidem
1763 1798 1831 1873 aed
1865 1796 1998 1897 opibus
2032 1818 2098 1867 va·

211 1915 325 2008 lidus,
350 1942 419 2017 per
432 1914 625 1991 Gracchos
650 1924 774 1991 autem
799 1926 928 1991 contra
953 1914 1150 2016 optimates
1178 1914 1382 1991 excitatura
1408 1916 1538 2007 ultera,
1563 1918 1675 2013 quod,
1701 1912 1813 2016 quum
1838 1914 1879 1992 in
1903 1913 2098 2013 magistra-

211 2033 317 2113 tibus.
340 2046 449 2132 atque
475 2032 691 2125 honoribus,
717 2056 792 2109 non
817 2031 856 2107 in
882 2058 1040 2132 genere,
1065 2032 1240 2112 nobilitas
1266 2042 1387 2125 esset,
1413 2033 1452 2107 in
1479 2043 1609 2109 senatu
1635 2033 1720 2135 ipso
1744 2060 1821 2112 non
1845 2031 1955 2133 pauci
1981 2027 2098 2106 exsti-

211 2160 356 2245 terunt,
383 2150 445 2248 qui
471 2149 649 2235 nobilium
676 2172 844 2227 retusam
867 2149 1041 2249 populari
1066 2152 1347 2250 posthaberent
1398 2149 1514 2227 Cuius
1538 2150 1596 2227 rei
1621 2153 1835 2252 exemplum
1861 2151 1972 2226 modo
1996 2172 2097 2223 com·

211 2280 455 2348 memoratum
482 2279 550 2345 est.
602 2268 754 2366 Itaque,
786 2292 898 2365 quum
926 2266 1081 2343 dissidio
1116 2278 1267 2343 renatus
1302 2268 1422 2369 ipsius
1449 2267 1567 2359 facto,
1605 2293 1726 2370 neque
1754 2267 1986 2370 optimatium
2012 2289 2099 2343 sen-

213 2387 354 2465 tentiae
380 2386 478 2463 inter
504 2408 545 2460 se
572 2395 839 2484 congruerent,
880 2396 918 2460 et
943 2383 1083 2460 tribuni
1108 2384 1181 2461 iam
1217 2384 1283 2461 diu
1308 2383 1511 2464 desiissent
1534 2386 1666 2487 populi
1700 2386 1891 2461 commoda
1925 2407 2014 2457 suae
2040 2381 2099 2479 ip-

211 2529 339 2581 sorum
372 2502 556 2579 voluntati
588 2524 843 2601 praeponere,
876 2505 922 2578 ab
948 2502 1120 2577 ordinum
1153 2502 1453 2579 contentionibus
1485 2504 1534 2579 ad
1566 2502 1717 2579 diversa
1748 2503 1939 2579 hominum
1974 2493 2097 2589 studia

209 2620 422 2721 respublica
460 2619 636 2721 pervenit
673 2630 712 2694 et
733 2619 957 2697 ¹fortissimo
994 2618 1127 2717 cuique
1164 2630 1204 2695 et
1242 2620 1490 2699 audacissimo
1525 2620 1661 2720 paruit.
1726 2621 1944 2720 Quanquam
1982 2615 2123 2716 igitur,

211 2738 324 2815 etiam
351 2764 421 2841 per
446 2738 629 2813 bellorum
655 2734 821 2814 ciuilium
846 2737 1007 2838 spatium
1034 2736 1221 2815 discordie
1247 2738 1419 2818 ordinum
1444 2740 1607 2833 duravit,
1631 2749 1756 2815 tamen
1781 2738 1913 2813 barum
1938 2742 2096 2809 eventus

209 2862 257 2934 ab
285 2883 423 2948 eorum,
450 2855 514 2956 qui
539 2877 684 2956 quoque
710 2866 880 2956 tempore
907 2854 1069 2932 civitatis
1094 2857 1287 2959 principes
1311 2866 1452 2949 essent,
1476 2869 1517 2932 et
1535 2858 1686 2934 tortum
1706 2868 1746 2934 et
1765 2854 1930 2932 consiliis
1951 2875 2096 2956 pepenv

209 2978 367 3070 dertmt,
400 2987 441 3051 ut
466 2973 621 3052 difficile
648 2972 700 3054 sit
723 2972 888 3071 equiturn
913 2972 1107 3050 historiam
1133 2978 1178 3052 ab
1204 2975 1405 3072 universae
1428 2976 1543 3052 buius
1567 2975 1699 3052 aetatis
1726 2973 1883 3051 historia
1908 2993 2095 3071 separare.

208 3096 342 3192 Itaque
368 3094 415 3170 ad
441 3093 567 3171 odium
591 3091 754 3193 partium
778 3099 1017 3170 accesserunt
1050 3101 1089 3168 et
1115 3090 1326 3195 principum
1354 3118 1583 3193 quorumque
1608 3092 1823 3170 inimicitiae
1857 3101 1897 3164 et
1929 3083 2096 3185 urgentia

210 3213 302 3290 belli
328 3211 532 3286 necessitas
560 3223 600 3286 et
623 3207 781 3284 militum
809 3206 1104 3308 superbientium
1130 3210 1254 3288 studia
1279 3221 1318 3286 et
1344 3211 1478 3288 ducum
1503 3205 1743 3312 inexplebilis
1770 3206 1937 3297 avaritia,
1961 3228 2031 3278 nec
2055 3200 2096 3276 in

208 3327 485 3431 proscriptione
511 3327 683 3419 Sullana,
718 3350 812 3426 quos
844 3325 975 3426 populi
1009 3325 1192 3422 studium,
1227 3352 1321 3428 quos
1355 3329 1508 3404 divitiae
1540 3326 1794 3429 perdiderint,
1826 3325 1898 3399 iam
1925 3330 2095 3398 accurate

209 3439 389 3546 distingui
414 3454 551 3547 potest.
602 3442 721 3519 Nobis
753 3443 793 3517 in
827 3443 898 3518 hac
932 3467 1007 3519 non
1039 3443 1220 3543 temporis
1254 3445 1323 3519 sed
1348 3444 1513 3544 equitum
1539 3444 1694 3519 historia
1718 3469 1794 3520 non
1820 3438 1867 3517 de
1893 3438 2095 3528 bominum,

209 3563 279 3640 sed
304 3561 519 3642 deordinis
545 3562 713 3654 fortuna,
748 3585 856 3660 quam
882 3561 966 3636 tieri
991 3570 1135 3661 potest,
1170 3561 1392 3636 brevissime
1411 3561 1544 3638 'dicere
1569 3561 1609 3636 in
1635 3561 1756 3637 animo
1782 3571 1854 3636 est.

239 3751 244 3761 .
375 3681 411 3755 2.
451 3681 555 3756 Mors
581 3677 696 3753 Drusi
721 3677 942 3779 iampridem
968 3688 1179 3753 tumescens
1207 3680 1345 3754 bellum
1370 3679 1540 3756 Italicum
1567 3678 1766 3772 excitarit,
1789 3679 1815 3779 ¹)
1850 3701 1969 3775 eoque
1994 3695 2094 3748 nova

208 3799 437 3877 incrementa
462 3795 563 3897 cepit
588 3781 719 3872 caussa
744 3795 936 3875 nobilium.
986 3796 1098 3872 Marii
1123 3793 1243 3896 gloria
1267 3808 1504 3889 senescente,
1527 3799 1655 3874 Sullae
1681 3797 1812 3872 laudes
1838 3786 2091 3884 crere1·unt.'²)

208 3916 345 3992 Varius
371 3943 439 3992 sua
471 3917 556 4015 lege
580 3914 775 3988 damnatus
803 3925 873 3988 est.
890 3912 920 4014 3)
972 3916 1079 4015 Quae
1105 3937 1217 4013 quum
1251 3913 1304 3988 ito
1329 3926 1477 4008 essent,
1510 3913 1635 3988 statim
1660 3912 1999 4010 recuperandorum
2034 3904 2091 3978 iu-

208 4031 390 4111 diciorum
416 4036 461 4110 ab
488 4031 727 4134 optimatibus
753 4029 961 4130 periculum
985 4032 1123 4107 sactum
1149 4040 1226 4123 est,
1260 4029 1369 4104 cuius
1391 4031 1448 4105 rei
1474 4029 1661 4129 duplicem
1685 4028 1868 4104 rationem
1901 4025 2000 4100 inire
2023 4047 2091 4124 po-

209 4159 381 4244 tnerunt,
414 4153 587 4244 alteram,
614 4171 722 4250 mam
749 4158 944 4224 secuturus
970 4148 1118 4224 Drusus
1146 4148 1287 4242 iuerat,
1316 4158 1357 4222 nt
1382 4147 1557 4249 suppleto
1584 4166 1634 4222 ex
1660 4145 1845 4246 equitibus
1873 4154 2007 4219 senatu
2030 4165 2091 4213 se-

207 4263 400 4344 natoribus
424 4268 517 4344 solis
541 4265 678 4343 iudicia
703 4266 951 4356 traderentur,
978 4267 1143 4358 alteram,
1169 4292 1217 4342 ne
1238 4291 1357 4366 penes
1379 4265 1482 4345 solos
1504 4274 1605 4340 certe
1629 4263 1773 4364 equites
1800 4273 1967 4364 potestas
1993 4255 2091 4330 iodi-

57 4443 68 4464 ,
210 4376 324 4462 cloria
350 4395 470 4476 esset3
500 4385 667 4460 eiusdem
693 4393 800 4484 parte
827 4381 982 4480 quadam
1010 4384 1121 4460 etiam
1147 4382 1282 4480 reliqui
1309 4381 1460 4458 ordines
1485 4381 1707 4483 potirentur.
1758 4381 1792 4453 E
1819 4379 1956 4489 quibus
1976 4373 2091 4448 ratio-

208 4507 319 4582 nibus
343 4505 439 4578 banc
463 4501 547 4576 iniit
564 4503 617 4576 Μ.
637 4501 809 4578 Plautius
832 4500 1022 4593 Silvanus,
1046 4502 1131 4601 lege
1157 4504 1244 4636 datu
1269 4499 1383 4593 asu,
1408 4526 1484 4592 „ex
1509 4526 1583 4600 qua
1607 4499 1731 4576 tribus
1752 4495 1924 4593 singulae
1948 4518 1998 4568 ex
2022 4517 2091 4568 suo

211 4767 235 4836 1)
254 4763 345 4818 veue.
365 4765 390 4830 ἓ,
410 4765 452 4819 lu
1216 4761 1298 4881 Ξόξίις
1314 4760 1364 4813 καῖ
1381 4760 1523 4831 δυνάμεως,
1551 4757 1678 4816 τοσυὸτον
1698 4755 1788 4827 ducar
1804 4760 1921 4832 Μαρίου.
1955 4753 1990 4808 et
2016 4753 2089 4808 etna

210 4907 232 4972 1)
254 4902 325 4958 Plut-
341 4901 415 4958 blas.
432 4905 476 4960 82
512 4892 587 4960 eins
605 4901 620 4955 δ
637 4903 757 4972 πόλεμος,
783 4905 845 4960 ὅσον
863 4905 951 4978 Σύλλᾳ
971 4903 1114 4981 προέθηκε
1150 4899 1152 4904 '
1181 4829 1290 4970 ’luiba
1300 4831 1378 4953 grat.
1396 4901 1439 4966 dt),
1457 4899 1520 4954 305.
