5092 5650
2058 375 2129 467 ,ῃ

235 602 330 697 sint,
363 629 440 680 non
474 604 597 679 minus
622 602 710 695 bas,
749 625 857 697 quam
885 601 1060 685 classium
1085 603 1354 682 serviendam
1380 630 1543 682 summas
1568 606 1617 681 ad
1642 606 1756 686 Urbis
1782 619 1932 686 sextum
1958 616 2125 690 sedulum

235 722 426 821 pertinere
452 720 622 820 conjicit,
655 719 826 813 antiquos
853 745 1028 794 numeros
1055 720 1183 815 quinta
1208 732 1335 822 parte,
1368 724 1468 816 quod
1495 749 1609 823 supra
1633 728 2022 821 commemoravimus,
2055 732 2126 808 mi-

234 862 348 914 nores
374 840 494 914 fuisse
516 837 647 912 credit.
685 836 745 910 Ita
765 861 830 912 aes
857 847 1032 931 equestre
1060 838 1107 911 ad
1133 838 1207 912 duo
1234 837 1353 914 millia
1378 840 1489 932 aeris,
1515 867 1579 916 aes
1605 842 1844 916 hordearium
1868 846 1916 919 ad
1946 848 2124 941 quadrin-

235 967 369 1054 gentos
404 977 509 1030 asses
542 954 735 1052 redigitur.
788 953 941 1028 Catonis
975 953 1225 1052 fragmentum
1259 951 1342 1052 ejus
1368 933 1567 1048 orationis,
1602 980 1676 1053 qua
1699 958 1819 1033 suasit
1841 949 1882 1032 in
1907 973 2057 1057 senatu,
2083 973 2126 1040 ut

234 1072 344 1172 plura
370 1097 457 1146 aera
484 1071 673 1164 equestria
696 1073 852 1161 fierent,
887 1070 935 1144 de
962 1079 1070 1144 aucto
1097 1093 1246 1162 eoram,
1286 1073 1351 1168 qui
1376 1095 1464 1148 aera
1490 1073 1680 1168 equestria
1706 1077 1937 1176 acciperent,
1969 1103 2125 1156 numero

234 1189 520 1287 intelligendum
553 1213 638 1264 osse
666 1187 836 1279 videtum
855 1185 903 1286 ⁵⁰)
937 1187 1120 1262 Varronis
1147 1199 1271 1276 autem
1297 1192 1434 1264 verbat
1467 1189 1667 1285 „equitnm
1692 1193 1883 1291 publicum
1910 1219 1994 1268 esse
2021 1197 2124 1272 mille

234 1308 483 1383 astomorum‘
502 1329 584 1386 uon
610 1307 658 1380 ad
684 1329 748 1379 aas
775 1313 971 1399 equestre,
997 1305 1098 1400 quod
1125 1306 1241 1380 multo
1267 1307 1390 1405 majus
1416 1315 1516 1397 erat,
1543 1306 1612 1382 sed
1638 1309 1685 1382 ad
1711 1333 1775 1384 aes
1801 1312 2039 1387 hordearium
2063 1339 2124 1388 re-

234 1423 391 1498 ferenda
417 1435 519 1513 sunt,
554 1420 662 1522 cujus
689 1420 841 1496 dimidia
865 1445 954 1522 pars
980 1445 1078 1516 equo
1105 1423 1258 1516 alendo,
1294 1425 1413 1499 altera
1438 1434 1562 1500 autem
1588 1447 1700 1500 servo
1726 1427 1912 1502 destinata
1927 1429 2019 1503 ¹fuit.
2037 1427 2087 1528 ³¹)

400 1539 584 1638 Superest
615 1563 690 1614 una
724 1562 842 1634 eaque
876 1537 1100 1613 difficillima
1132 1539 1314 1634 quaestio.
1334 1541 1382 1640 Η)
1434 1540 1535 1636 Equi
1568 1542 1668 1616 enim
1701 1541 1757 1617 illi
1791 1556 1898 1644 erant
1930 1546 2124 1622 militares.

233 1655 359 1754 Quum
383 1666 508 1730 antem
531 1655 761 1753 legionarios
788 1656 927 1730 milites
953 1679 1028 1732 non
1055 1655 1215 1748 diutins,
1249 1679 1360 1752 quam
1387 1659 1435 1732 ad
1460 1679 1596 1734 annum
1623 1661 1948 1760 quadragesimum
1974 1671 2124 1740 sextum

233 1771 315 1846 sive
349 1783 542 1872 coeptum,
578 1772 660 1846 sive
687 1775 840 1872 plenum
859 1771 907 1872 ⁵³)
934 1783 1081 1848 constet
1105 1773 1306 1866 militasse,
1341 1775 1440 1850 intra
1465 1778 1568 1870 quod
1592 1777 1752 1876 spatium
1780 1779 1911 1854 decem
1937 1780 2125 1882 stipendia

233 1889 334 1988 exigi
360 1899 554 1989 poteraut,
573 1889 621 1990 ⁵⁴)
657 1913 724 1964 cur
757 1899 881 1964 autem
907 1891 1054 1983 equites
1079 1886 1136 1964 illi
1162 1891 1302 1966 diutius
1330 1890 1549 1988 militarent,
1584 1894 1790 1992 excogitari
1815 1919 1947 1970 caussa
1974 1897 2123 1971 omnino

231 2018 410 2101 nequeat,
446 2008 657 2103 quaeritur,
691 2016 815 2082 utrum
849 2007 896 2099 ii,
928 2006 993 2104 qui
1026 2004 1192 2106 legitima
1225 2007 1414 2108 stipendia
1446 2031 1544 2105 equo
1578 2010 1729 2109 publico
1756 2012 2025 2105 coniecissent,
2061 2039 2123 2088 re-

231 2122 412 2199 tinuerint
445 2149 580 2220 equum
608 2135 646 2198 et
672 2125 712 2200 in
738 2123 915 2200 centuriis
943 2123 1165 2214 manserint,
1199 2147 1246 2198 an
1271 2125 1421 2202 reddito
1447 2149 1544 2224 equo
1564 2126 1753 2201 desierint
1778 2128 1818 2203 in
1843 2130 2007 2224 equitum
2035 2155 2123 2206 cea-

177 2233 179 2240 ’
230 2240 338 2316 trariis
366 2267 462 2316 esse.
514 2245 571 2316 Ac
589 2263 806 2338 quanquam
840 2241 897 2316 rei
930 2251 1084 2316 naturae
1119 2243 1212 2316 erat*
1227 2244 1559 2334 accommodatius,
1594 2267 1682 2318 aera
1707 2235 1897 2337 equestria
1921 2247 2037 2322 tribui
2061 2246 2122 2339 iis,

230 2359 296 2452 qui
320 2358 542 2450 militarent,
577 2382 686 2454 quam
711 2360 778 2452 iis,
813 2357 876 2454 qui
902 2357 1101 2457 stipendiis
1127 2358 1308 2434 absolutis
1335 2379 1472 2452 equum
1495 2358 1687 2459 publicum
1712 2361 2041 2455 frustraalerent,
2064 2373 2123 2438 ta—

229 2501 316 2551 men
343 2488 383 2551 et
407 2475 501 2549 illud
525 2501 601 2552 non
628 2487 688 2550 est
711 2474 1104 2576 praetermittendum,
1137 2499 1212 2550 non
1238 2499 1330 2549 usus
1356 2477 1496 2566 solum,
1529 2476 1599 2550 ssd
1623 2477 1737 2550 etiam
1761 2477 1917 2552 honoris
1942 2480 1982 2554 in
2008 2503 2054 2554 ea
2077 2500 2121 2553 re

229 2591 413 2668 rationem
438 2591 601 2668 habitam
627 2617 723 2666 esse.
743 2587 813 2690 ⁵⁴²)
866 2589 978 2666 Gerte
1000 2586 1078 2688 jam
1105 2591 1169 2666 diu
1196 2592 1283 2686 equi
1309 2593 1450 2690 publici
1474 2594 1600 2667 nullus
1625 2607 1716 2667 usus
1743 2603 1835 2685 erat,
1864 2617 1977 2689 quum
2002 2596 2124 2670 bonor

230 2705 314 2806 ejus
340 2708 532 2786 etiamtum
558 2710 681 2806 magni
708 2707 987 2799 aestimaretur,
1023 2708 1071 2782 de
1105 2731 1179 2802 qua
1211 2733 1255 2782 re
1288 2710 1363 2784 alio
1397 2711 1481 2783 loco
1514 2708 1713 2784 dicandum
1747 2717 1807 2784 est
1839 2710 2009 2811 amplius.
2069 2709 2123 2785 lit

230 2825 370 2901 milites
396 2827 547 2921 quidem
573 2852 669 2902 anno
697 2826 982 2925 quadragesimo
1016 2834 1125 2901 sexto
1159 2852 1181 2901 e
1215 2825 1395 2901 centuriis
1422 2822 1617 2925 juniorum
1647 2826 1688 2901 in
1718 2828 1905 2903 1111111111
1931 2829 2121 2905 seniorum

229 2942 464 3044 massmipti
498 2954 541 3040 ut
573 2945 674 3038 quod
706 2943 908 3019 discrimen
941 2964 1055 3037 quum
1085 2941 1187 3019 inter
1219 2942 1366 3037 equites
1399 2958 1489 3018 non*
1509 2954 1630 3035 esset,
1665 2967 1822 3019 necesse
1856 2953 1956 3034 erat,
1990 2955 2122 3051 utaut
2159 3004 2173 3015 .

229 3059 270 3135 in
295 3060 463 3153 equitum
489 3061 668 3137 centuriis
694 3070 1024 3153 consenescerent,
1056 3058 1185 3134 autin
1212 3058 1400 3136 centurias
1425 3060 1569 3161 primae
1596 3059 1728 3135 elassis
1753 3060 2121 3135 transscriberentur.

230 3175 343 3274 Quod
376 3200 584 3273 quanquam
612 3177 845 3289 (1111111111
876 3178 959 3251 1111
992 3176 1226 3275 temporibus
1258 3177 1297 3251 in
1330 3197 1404 3251 usu
1438 3199 1523 3251 esse
1550 3175 1693 3273 coepit,
1727 3187 1853 3251 tamen
1877 3177 2122 3251 antecedente

230 3299 351 3367 aetate
379 3302 572 3369 senatores
599 3293 637 3368 in
664 3293 843 3367 centuriis
870 3292 1037 3385 equitum
1065 3292 1203 3383 luisse,
1243 3292 1438 3367 Ciceronis
1464 3294 1548 3367 loco
1576 3294 1776 3389 probatum
1799 3300 1869 3364 est.

396 3409 439 3483 Si
473 3434 564 3508 vero
597 3418 723 3482 tantus
750 3410 872 3481 honor
897 3407 986 3501 equi
1010 3404 1151 3506 publici
1179 3405 1269 3495 luit,
1303 3417 1417 3479 utne
1445 3404 1586 3503 majore
1623 3405 1775 3500 quidem
1807 3407 1987 3483 senatorii
2007 3407 2122 3484 'ordi-

229 3526 289 3603 nis
315 3519 496 3625 dignitate
523 3520 740 3615 tolleretur,
767 3522 929 3599 eundem
954 3522 988 3597 si
1013 3522 1130 3595 multo
1158 3520 1325 3620 magist
1350 3520 1487 3595 ceteris
1512 3533 1700 3597 retentum
1726 3520 1905 3620 conjicio,
1930 3550 2005 3601 non
2030 3550 2122 3622 pro·

230 3645 290 3717 cul
324 3642 459 3716 uideor
494 3666 515 3715 a
548 3666 641 3715 uero
676 3642 883 3721 aberrasse.
949 3633 1003 3713 Ut
1029 3636 1144 3737 igitur
1168 3638 1208 3713 in
1234 3662 1305 3711 sex
1337 3636 1529 3735 suffragiis
1539 3693 1554 3745 ,1
1589 3638 1772 3713 Serviano
1806 3639 1977 3713 instituto
2010 3640 2123 3738 longe

229 3758 520 3854 antiquioribus,
555 3782 630 3833 non
663 3757 988 3859 distinguebantur
1012 3752 1185 3853 juniores
1213 3753 1459 3844 etseniores,
1487 3752 1542 3827 111
1568 3751 1679 3829 etiam
1704 3752 1744 3827 in
1771 3753 1967 3829 duodecim
1993 3766 2123 3832 centu-

228 3868 296 3949 riis
321 3874 416 3951 illud
442 3876 616 3953 classium
643 3874 843 3949 discrimen
868 3896 945 3947 non
971 3881 1071 3945 erata
1092 3868 1140 3967 ⁵⁵)
1167 3868 1207 3943 in
1233 3893 1307 3965 quo
1333 3868 1429 3945 illud
1454 3880 1579 3944 tamen
1604 3864 1807 3943 tenendum
1831 3879 1901 3961 est,
1927 3872 2027 3964 quod
2042 3866 2124 3970 jam

228 3988 459 4073 Niebuhrius
477 3990 525 4091 ³⁶)
551 3993 707 4084 monuit,
734 4014 809 4065 non
836 3989 993 4063 eandem
1018 3984 1140 4062 luisse
1167 3995 1371 4059 turmarum
1398 3984 1722 4079 centuriarumque
1748 3984 1908 4083 legem.⁴

1172 4187 1387 4198 .-..—--——-

230 4341 267 4410 ⁸⁰)
287 4338 420 4393 Priscian.
440 4338 503 4405 l'll,
527 4340 559 4405 8,
598 4340 684 4395 ..ur
721 4330 1142 4403 01111111111111,111111-
1213 4332 1247 4401 ⁵¹)
1266 4350 1293 4387 v.
1315 4307 1426 4383 boeth.
1452 4310 1510 4385 l.'l.
1537 4326 1621 4383 Aliter
1648 4331 1767 4385 sentiunt
1788 4315 1897 4387 Walter
1921 4331 1940 4384 l.
1963 4330 1981 4382 l.
2006 4347 2033 4401 p.
2061 4333 2122 4389 118.

264 4410 298 4462 sit
323 4408 351 4460 11
375 4418 487 4473 senatu,
516 4356 1008 4478 [1111111111111111111111111
1043 4400 1143 4455 Nurac
1245 4398 1409 4453 1111111111.
1427 4398 1482 4523 inp
1510 4401 1570 4455 369.
2040 4442 2043 4448 ,

265 4494 327 4547 ego
352 4476 511 4531 arbitror
535 4485 707 4549 oportere
726 4474 883 4537 institui,
902 4486 1012 4538 nequo
1032 4471 1143 4523 minus
1205 4467 1426 4537 ,1111111111
1497 4469 1569 4538 dvlg.
1588 4486 1615 4538 p.
1632 4467 1676 4523 80.
1695 4485 1734 4536 sq.

265 4546 396 4599 dnobus
429 4544 587 4599 millibus
620 4544 785 4599 ducentis
811 4544 859 4595 sit
890 4554 1004 4593 aerum
1038 4556 1143 4607 eque·
1205 4489 1704 4607 sumntum.teutobodus.

229 4637 233 4644 ·
263 4616 395 4669 utrium.
429 4612 517 4671 Quem
537 4615 624 4668 locrrm
664 4624 707 4667 ost
723 4612 854 4665 (ironocli
872 4608 1034 4662 luculentam
1053 4607 1143 4677 dispu-
1212 4608 1247 4675 θ’)
1267 4606 1366 4661 Ρ1111.
1384 4608 1417 4669 t,
1443 4609 1488 4671 19,
1506 4610 1531 4662 ⁴2.
1552 4606 1623 4659 Plut.
1644 4602 1810 4659 G.'Graccb.
1828 4604 1854 4661 2.
1872 4601 1933 4659 Ltv.
1952 4606 2004 4671 17,
2024 4606 2065 4662 li.

250 4686 394 4749 tationem
414 4682 462 4805 fide
481 4700 539 4753 pec.
559 4692 613 4738 vet.
633 4680 677 4736 lrb.
698 4680 749 4743 ill,
768 4698 791 4733 c.
810 4682 842 4743 1,
861 4696 887 4749 p.
906 4678 966 4733 273.
986 4678 1058 4747 sqq.)
1077 4694 1143 4728 non·
1212 4679 1234 4710 Μ
1246 4676 1273 4745 a)
1292 4664 1446 4757 llirscbltius
1464 4676 1481 4733 l.
1500 4673 1517 4727 1.
1536 4694 1563 4745 p.
1582 4676 1642 4731 653.
1727 4743 1734 4758 ο

264 4752 328 4808 darm
355 4752 419 4805 intel
429 4754 486 4805 enit
512 4750 643 4823 Meyerus
667 4754 693 4805 in
709 4746 807 4804 =0rott
826 4749 904 4801 Rom.
930 4746 1025 4816 fragm.
1052 4762 1077 4815 p.
1100 4748 1143 4810 81,
1213 4746 1248 4815 ⁸⁵)
1267 4744 1343 4796 llaec
1362 4750 1442 4796 elram
1461 4741 1602 4799 Niebubrii
1620 4748 1754 4797 seruantia
1772 4750 1814 4797 est
1833 4739 1859 4808 Ι,
1883 4761 1915 4813 p:
1930 4743 1990 4799 490.
2070 4788 2076 4796 .

265 4836 352 4891 nuper
370 4832 460 4877 autem
479 4822 573 4893 paucis
593 4822 736 4874 illustrovlt
754 4816 897 4873 Bbckbius
914 4816 932 4868 l.
951 4814 968 4870 l.
988 4829 1015 4887 p.
1034 4814 1093 4872 tas.
1212 4810 1292 4899 Β11,
1310 4830 1336 4883 p.
1357 4815 1416 4869 tat.
1702 4888 1705 4893 Ι

229 4910 232 4918 ,
281 4912 287 4921 ,
1655 4904 1677 4968 2
1690 4909 1705 4940 s
