5092 5650
434 539 664 646 publicanis,
694 537 746 612 ad
771 557 864 632 quos
892 531 973 612 sins
1006 532 1122 610 (lubio
1156 532 1232 635 ipsi
1264 557 1436 632 magnam
1469 542 1616 633 purtem
1641 532 1901 643 pcrtinebsatc
1933 532 2087 610 tertium
2112 541 2327 612 senatum

435 659 709 752 nobiliumque,
742 675 836 748 quos
862 651 1053 753 principes
1087 649 1251 726 civitatis
1278 651 1465 749 appellnt,
1500 649 1565 744 qui
1589 650 1662 727 soli
1688 649 1763 724 dici
1796 659 1958 750 possunt
1989 661 2137 727 uestem
2170 661 2328 744 mutare,

371 843 376 848 .
438 776 695 869 faciebantque
723 795 807 846 cnm
831 767 1051 847 censoribus
1068 778 1208 844 contm
1233 767 1465 867 publicanos.
1515 765 1573 840 Hi
1598 791 1731 864 quum,
1756 776 1800 842 ut
1823 792 1942 867 supro
1966 766 2077 845 docui
2097 767 2162 868 ¹⁰⁸)
2188 778 2229 845 et
2252 767 2329 870 ipsi

437 893 477 970 in
503 887 681 966 centuriis
708 886 874 986 equitum
888 894 1047 977 11111111,
1087 909 1137 959 ex
1162 884 1363 960 duodecim
1387 882 1570 960 centuriis
1602 894 1730 960 sutem
1760 883 1925 961 maxime
1956 908 2045 983 pars
2071 883 2167 984 ipsis
2193 885 2330 960 adver-

438 1018 604 1098 saretur,
638 1003 712 1080 nisi
738 1004 890 1104 egregie
917 1004 1048 1094 lallor,
1085 1001 1125 1076 in
1151 1000 1308 1106 reliquis
1332 999 1410 1074 illis
1436 998 1617 1074 centuriis
1651 999 1771 1079 luisse
1804 1000 1964 1098 putsntli
1996 1010 2105 1098 suat,
2134 1023 2234 1099 quas
2259 1023 2331 1078 sex

434 1123 616 1222 suffragiu
643 1121 898 1220 appellantiu,
933 1114 1177 1220 pracsertim,
1217 1141 1331 1217 quum
1355 1126 1396 1190 et
1422 1116 1645 1210 discrimen,
1679 1116 1780 1214 quod
1807 1118 1853 1190 ab
1879 1115 1988 1192 initio
2013 1116 2114 1192 inter
2146 1117 2214 1192 bas
2239 1118 2332 1194 reli*

435 1263 603 1341 quasque
628 1237 817 1314 centurias
841 1237 926 1329 suit,
954 1260 1070 1334 usque
1092 1234 1141 1308 ed
1162 1245 1332 1312 extrem
1353 1243 1526 1332 tempora
1545 1232 1776 1334 reipublicae
1796 1232 1939 1308 liberae
1957 1233 1999 1310 in
2019 1232 2181 1326 comitiis
2200 1245 2332 1312 centu.-

436 1357 544 1433 riatis
568 1362 761 1430 ¹servatum
786 1353 854 1446 sit,
881 1378 1003 1450 neque
1031 1351 1193 1454 alionum
1217 1351 1270 1424 sit
1291 1376 1319 1424 o
1342 1375 1456 1468 uffo,
1481 1348 1650 1441 nobiles,
1674 1361 1718 1424 ut
1741 1358 1870 1426 cetera
1892 1351 2135 1451 patriciorum
2161 1360 2333 1428 veterum

437 1471 638 1575 privilegis
670 1471 838 1572 arripere
873 1469 1114 1558 studuerunt,
1148 1465 1204 1542 sic
1235 1465 1457 1568 principem
1479 1464 1579 1541 bunc
1610 1465 1652 1543 in
1684 1465 1848 1579 comitiis
1885 1469 2010 1545 locum
2031 1466 2096 1568 ¹⁰⁹)
2128 1467 2203 1544 sibi
2235 1467 2330 1570 ips'u

436 1588 663 1666 uindicasse.

1160 1863 1326 2038 usn
1343 1942 1444 2035 er
1499 1922 1600 2035 11.
1661 2026 1665 2032 ,

855 2093 909 2200 Α
943 2091 1004 2199 O.
1039 2091 1272 2199 Graccho
1308 2125 1472 2233 usque
1506 2090 1574 2196 ad
1606 2091 1920 2232 Augustum.

1298 2329 1456 2344 Ἤ

1252 2464 1344 2562 (to
1393 2533 1409 2560 .
1465 2475 1515 2560 Ι.

786 2629 901 2715 Ordo
946 2634 1146 2737 equester
1188 2630 1259 2714 ab.
1287 2495 1436 2714 ordlne
1480 2630 1696 2714 senatorio
1739 2634 1980 2736 separatus.
2065 2568 2069 2577 Ι

441 2787 590 2895 'frium
616 2813 700 2891 fere
727 2814 938 2891 seculorum
965 2784 1098 2915 spatio,
1125 2815 1226 2914 quod
1250 2814 1351 2891 inter
1369 2814 1551 2893 Veiorum
1578 2788 1895 2915 oppugnationem
1921 2825 1962 2889 et
1981 2813 2239 2893 Gracchorum
2265 2842 2329 2892 ae-

440 2942 556 3009 tutem
581 2933 797 3023 interiacet,
831 2930 991 3032 primum
1025 2930 1206 3007 institutis
1239 2930 1400 3033 privatis
1433 2930 1634 3031 stipendiis
1669 2930 1926 3027 equestribus,
1960 2943 2039 3007 tum
2073 2934 2330 3011 crescentibus

435 3052 722 3155 publicanorum
756 3046 911 3147 opibus,
946 3048 1082 3123 deinde
1117 3048 1235 3123 auctis
1262 3048 1328 3138 iis,
1363 3048 1427 3146 qui
1462 3048 1567 3146 equis
1600 3045 1759 3147 privatis
1793 3062 2001 3141 mererent,
2037 3076 2150 3148 quum
2184 3052 2329 3152 equites

376 3175 381 3182 ’
439 3191 534 3264 equo
561 3167 760 3267 pendam
787 3188 938 3265 semper
963 3176 1118 3241 numero
1146 3176 1286 3256 essent,
1315 3162 1477 3262 (lenique
1503 3160 1798 3263 provincialibus
1824 3164 2108 3265 publicanorum
2134 3170 2330 3267 magistra-

439 3292 617 3379 tuumque
652 3280 850 3356 discordiis
885 3282 1025 3357 lactum
1051 3292 1151 3376 erat,
1189 3289 1299 3357 utet
1332 3280 1568 3381 negotiorum
1602 3278 1783 3355 societate
1817 3291 1856 3357 et
1890 3284 2076 3360 communi
2110 3283 2150 3359 in
2181 3282 2329 3359 nobiles
2435 3322 2452 3343 =

440 3397 527 3472 odio
554 3396 700 3494 equites
725 3398 824 3473 inter
850 3423 892 3471 se
919 3399 1246 3497 coniungerentur,
1275 3425 1298 3474 a
1323 3410 1455 3475 senatu
1476 3390 1620 3488 autem,
1646 3422 1668 3470 a
1694 3420 1766 3495 quo
1793 3401 1839 3472 ab
1864 3397 1973 3476 initio
2006 3412 2135 3475 contra
2160 3396 2330 3499 plebeios

440 3519 633 3604 steterant,
660 3520 932 3587 averterentur.
983 3514 1187 3591 Distrectio
1213 3514 1376 3616 partium
1404 3525 1527 3589 autem
1553 3514 1723 3613 perlecta
1750 3524 1809 3588 est
1835 3514 1979 3591 duabus
2005 3514 2241 3621 potissimum
2266 3538 2329 3589 re-

440 3635 528 3725 bus,
569 3638 785 3703 senatorum
811 3653 831 3702 e
862 3628 1039 3702 centuriis
1066 3631 1232 3726 equitum
1257 3630 1475 3705 exclusione
1503 3638 1542 3703 et
1568 3629 1610 3702 G.
1638 3627 1802 3704 Gracchi
1828 3632 1913 3731 lege
1939 3631 2145 3708 iudiciaria.

607 3745 639 3821 1.
665 3744 877 3820 Laudatum
904 3754 963 3819 est
989 3734 1103 3844 supra
1128 3745 1379 3848 fragmentum
1404 3744 1598 3853 Ciceronis
1624 3742 1710 3818 libri
1733 3743 1780 3819 do
1800 3748 1994 3849 republica
2015 3746 2155 3846 quartis
2183 3746 2330 3854 „Quam

437 3862 631 3939 commode
659 3862 810 3939 ordines
837 3860 1017 3962 demipfi,
1044 3872 1204 3955 aetates,
1231 3866 1384 3954 classes,
1410 3861 1618 3961 equitatus,
1643 3859 1684 3936 in
1710 3886 1783 3959 quo
1811 3864 1990 3965 suffragia
2015 3860 2127 3939 etiam
2154 3851 2241 3939 sunt
2267 3891 2330 3939 se·

438 3990 568 4055 natus:
595 3980 705 4055 nimis
732 3977 859 4053 multis
879 3978 958 4077 „iam
987 3980 1100 4053 stulte
1127 3980 1222 4055 banc
1247 3979 1448 4056 utilitatem
1472 3977 1557 4053 tolli
1577 3975 1826 4079 cupientibus,
1853 3980 1915 4077 qui
1936 4005 2071 4055 novam
2092 3977 2329 4080 largitionem

437 4105 621 4199 quaerunt
655 4094 779 4193 aliquo
812 4094 1011 4193 plebiscito
1046 4095 1323 4171 reddendorum
1355 4117 1536 4194 equorum
1545 4100 1581 4170 “.
1619 4096 1740 4194 ¹Quae
1768 4093 1998 4171 Niebubrius
2030 4096 2134 4172 Hist.
2161 4096 2270 4172 Rom.
2296 4087 2328 4186 Ι,Ι

437 4238 475 4315 p.
499 4210 576 4285 487
602 4210 660 4287 ed.
687 4219 772 4286 tort.
801 4208 953 4313 egregie
980 4210 1243 4289 animadvertit
1269 4210 1323 4287 ita
1347 4213 1417 4285 sub
1443 4227 1608 4312 persona
1632 4208 1802 4287 Africani
1827 4211 2011 4312 proferri,
2049 4223 2092 4289 ut
2116 4239 2199 4306 res,
2233 4238 2327 4313 quae

436 4320 498 4400 liic
524 4352 546 4400 a
570 4326 759 4404 nonnullis
785 4324 1097 4417 renuncietur,
1123 4326 1249 4426 paullo
1270 4327 1482 4427 po'st‘lacta
1507 4352 1592 4402 osse
1618 4327 1744 4428 putari
1771 4328 1918 4418 debeat,
1943 4326 1983 4402 id
2009 4338 2068 4403 est
2093 4331 2220 4430 paullo
2241 4340 2329 4427 post
2447 4398 2460 4425 ⁸

439 4441 482 4516 0.
505 4440 768 4543 Sempronium
796 4450 834 4517 et
863 4442 1142 4543 ul'.Aqui11ium
1162 4443 1268 4520 Coss.
1298 4444 1348 4545 (a.
1376 4444 1514 4522 10111.
1540 4468 1578 4521 11.
1610 4441 1711 4541 129),
1735 4453 1776 4519 11
1802 4441 1883 4519 cius
1911 4445 2128 4522 mutationis
2154 4444 2327 4521 instantis

441 4763 488 4827 ros)
507 4776 535 4814 v,
554 4776 613 4829 gap.
634 4758 668 4818 ss,
685 4758 707 4833 5
725 4762 750 4817 q,
876 4764 891 4785 ‘
1086 4748 1100 4760 “’
1302 4743 1306 4753 ’
1375 4757 1383 4826 Ι
1414 4758 1462 4825 ¹⁰⁹)
1481 4775 1509 4811 v.
1527 4767 1582 4813 not.
1601 4759 1643 4813 ut.
1663 4754 1696 4811 ci.
1714 4756 1732 4811 l
1751 4754 1783 4812 ll.
1803 4776 1864 4832 cap.
1881 4763 1915 4835 ¹1,
1933 4758 2023 4835 μ’
