5092 5650
237 648 367 699 omnes
392 626 480 701 888Ι
495 622 772 722 antiquissimos
799 622 937 711 fontes,
964 616 1252 700 commentarios
1276 632 1409 715 regum
1433 615 1660 715 inspexisse,
1686 619 1755 695 sed
1781 647 1862 696 eom
1889 648 2023 700 census
2049 620 2128 701 ior-

237 766 334 817 mam
360 738 621 838 descripsisse,
648 763 757 837 quam
782 737 995 838 posteriore
1021 745 1192 835 tempora
1219 733 1258 809 in
1284 757 1356 807 usu
1382 732 1502 807 1111338
1528 734 1724 810 vidissent.
1777 736 1894 837 Cujus
1921 722 2129 817 sententiae

238 876 445 955 quanquam
483 858 636 953 longum
672 866 731 929 est
764 836 983 952 argumenta
1017 850 1140 957 omnia
1174 859 1371 953 repetere,
1409 860 1534 924 tamen
1568 852 1749 949 quaedam
1781 854 1880 929 infra
1906 857 2130 951 ⁸afferentur,

236 974 299 1049 hic
322 974 418 1049 illud
444 958 753 1047 commemorasse
782 970 966 1061 sufficiet,
1005 994 1054 1043 ex
1080 966 1240 1041 Boot-hii
1265 966 1412 1040 ratione
1439 967 1643 1042 Serrianos
1669 992 1845 1044 numeros
1872 972 1999 1068 quinta
2023 986 2130 1074 parta

236 1089 315 1183 bis,
350 1091 414 1188 qui
448 1090 574 1164 seculo
607 1086 710 1161 urbis
745 1096 855 1160 sexto
881 1084 1061 1175 inerunt,
1100 1084 1264 1157 minores
1291 1083 1422 1156 fuisse.
1473 1082 1561 1157 Hos
1587 1094 1627 1157 et
1652 1084 1790 1160 assium
1821 1086 2008 1163 libralium
2041 1116 2131 1190 pre-

236 1206 290 1281 tio
314 1207 510 1281 imminuto
537 1212 575 1277 et
600 1201 744 1277 divitiis
771 1200 961 1275 hominum
989 1200 1242 1275 crescentibus
1269 1197 1483 1297 (8111881313
1508 1226 1546 1299 p.
1573 1200 1677 1300 444.)
1704 1205 1834 1301 augeri
1859 1204 2047 1297 debuisse,
2073 1206 2131 1281 id-

237 1344 311 1421 que
336 1346 449 1423 quum
476 1321 626 1419 saepius
653 1320 792 1393 lactum
818 1318 885 1407 sit,
918 1317 1007 1391 inde
1033 1316 1213 1415 intelligi,
1251 1340 1318 1389 cur
1342 1316 1391 1391 de
1417 1316 1611 1391 Servianis
1637 1319 1802 1393 numeris
1827 1320 1927 1395 inter
1953 1346 1994 1394 sc
2020 1320 2131 1397 dille·

236 1450 321 1515 rant
339 1440 569 1538 scriptores3
602 1459 688 1510 nam
724 1456 842 1532 quum
869 1432 1006 1508 Livius
1040 1443 1079 1507 at
1103 1431 1333 1530 Dionysius,
1368 1431 1646 1530 antiquissimos
1671 1435 1797 1509 fontes
1824 1436 1961 1528 secuti,
1986 1439 2131 1538 primae

137 1556 140 1567 '
238 1556 350 1630 classi
383 1578 486 1629 asses
523 1551 686 1645 100,000
718 1550 896 1639 tribuant,
923 1548 1088 1623 Plinium
1122 1549 1373 1625 recentiorem
1407 1572 1542 1623 census
1575 1549 1734 1624 formam
1761 1551 1883 1626 animo
1909 1579 2131 1655 repraesen-

235 1682 337 1747 tasse
371 1695 442 1769 qua
472 1670 594 1769 prima
627 1668 758 1743 classis
786 1665 931 1741 assibus
961 1654 1124 1757 110,000
1150 1674 1386 1758 censeretur,
1423 1666 1654 1765 eandemque
1679 1667 1728 1741 ad
1753 1666 1937 1745 Serviano
1962 1680 2133 1772 temporo

236 1787 423 1864 retulisse.
475 1785 669 1863 Habuissa
694 1783 810 1883 igitur
836 1781 964 1857 Servii
988 1791 1159 1885 tempore
1714 1880 1720 1889 ³
1979 1810 1983 1813 ·
2119 1789 2122 1795 '

656 1951 815 2053 primam
888 1950 1046 2027 classem
1072 1948 1212 2040 20000
1238 1974 1363 2043 88383,
1388 1960 1523 2052 postea
1550 1950 1723 2042 louooo.

658 2068 859 2142 secundam
886 2069 1044 2141 classem
1073 2064 1208 2155 15,ooo
1235 2092 1360 2159 asses,
1386 2076 1519 2167 postea
1568 2066 1719 2158 15000.
1810 2118 1817 2156 ,3
1903 2148 1934 2161 .‚

517 2180 533 2265 '¹
619 2184 808 2277 ⁴tertiam
884 2170 1042 2258 classem
1072 2182 1208 2275 10,000
1235 2209 1359 2275 88383,
1385 2194 1520 2286 postea
1569 2183 1720 2273 50,000.

657 2311 824 2399 quartam
884 2300 1042 2375 cla'ssem
1093 2296 1208 2389 5,000
1234 2325 1361 2391 83383,
1387 2312 1521 2399 postea
1571 2300 1721 2389 25,000.

609 2464 614 2471 -
656 2416 822 2515 quintam
882 2416 1041 2511 classem
1092 2416 1209 2506 2,000
1234 2441 1359 2508 83383,
1385 2426 1521 2517 postea
1574 2416 1722 2508 10,000.

403 2586 516 2687 Quod
549 2585 584 2660 si
616 2583 657 2659 bi
689 2583 836 2659 numeri
870 2581 917 2657 ad
950 2606 997 2657 ca
1022 2582 1213 2657 etiamtum
1238 2592 1412 2681 tempora
1435 2580 1646 2682 pertinent,
1678 2581 1812 2681 quibus
1837 2581 1959 2683 prima
1990 2584 2131 2659 mentio

238 2724 374 2777 census
408 2701 605 2799 equestris
619 2700 682 2790 fit,
712 2700 755 2808 ,si
775 2696 854 2797 jam
880 2708 959 2773 tum
986 2708 1117 2797 quarta
1142 2708 1249 2797 parte
1275 2700 1375 2773 hunc
1400 2722 1554 2773 censum
1578 2700 1722 2799 primae
1749 2702 1880 2775 classis
1914 2725 2028 2775 censu
2053 2724 2131 2773 ma-

232 2815 359 2917 jorem
380 2818 516 2894 -fuissa
549 2815 746 2918 ponimus,
767 2811 870 2915 'ejus
902 2814 1084 2915 temporis
1119 2841 1254 2894 census
1288 2814 1728 2914 888831833181180000
1753 2841 1878 2910 83383,
1911 2815 2132 2893 Senatorius

237 2957 343 3012 asses
372 2932 614 3032 18888833)
637 2997 640 3004 .

241 3873 277 3934 ⁴²)
295 3869 412 3954 Censura
443 3878 595 3991 pquestreru
626 3869 916 3993 Selr'vion'tktemporis
949 3871 1154 3994 quadringentis
1273 3873 1348 3926 ronis
1365 3871 1454 3956 locoru
1473 3871 1817 3994 cpnjecturalpnntsvpssep,
1842 3872 1870 3925 in
1888 3870 1959 3956 13888
1976 3869 2138 3990 sententiispn

292 3948 752 4084 ttttt⁰tn¹¹⁸ttat¹ss²lnstt]
774 3941 1155 4078 instititutis
1274 3959 1412 4075 1111111ῗῖ
1436 3949 1786 4078 11310188311813
1804 3949 2059 4075 stituit}
2083 3954 2136 4060 81.

294 4074 438 4130 distinctae
464 4087 558 4142 erant,
586 4079 802 4146 etiam'eqoitum
820 4078 924 4132 classes
954 4080 1085 4148 qrrasdam
1116 4077 1155 4130 18-
1229 4103 1232 4106 ·
1275 4079 1353 4164 gulas
1383 4081 1519 4134 centurias
1545 4079 1658 4148 siugulis
1686 4079 1826 4134 ordinibus
1856 4096 1921 4134 3883
1946 4075 2138 4132 3888313808-

294 4145 349 4196 isse
370 4146 524 4210 contendit,
550 4155 578 4200 ut
602 4149 720 4216 eqrrituru
745 4149 884 4202 centuriae
908 4165 961 4200 non
984 4151 1038 4201 8831
1062 4163 1157 4202 ourues
1276 4165 1345 4213 rsse,
1370 4165 1424 4216 quo
1448 4156 1539 4204 tamen
1562 4149 1653 4217 posito
1680 4165 1734 4204 uon
1757 4149 1873 4203 31188883
1896 4167 1914 4202 8
1930 4165 1999 4200 vero
2016 4154 2080 4208 est,
2096 4161 2137 4197 38·

294 4212 419 4284 srrtlragia
452 4216 572 4280 tulerint,
607 4215 656 4268 sed
682 4216 761 4269 binae
791 4233 851 4270 cum
880 4217 991 4288 singuiis
1018 4217 1157 4280 classibus,
1220 4267 1224 4274 .
1276 4217 1416 4271 natoribus
1452 4218 1720 4288 magistratibusque,
1751 4221 1797 4286 qui
1830 4218 1947 4286 antiquis
1973 4213 2139 4283 temporibus

295 4280 353 4346 eitra
381 4285 419 4334 rei
443 4303 523 4338 88838
548 4293 650 4339 tanturn
678 4295 863 4356 superornatam
888 4285 983 4338 afferre
1007 4287 1111 4355 potnit,
1141 4303 1157 4337 8
1279 4288 1406 4352 centuriis
1439 4287 1497 4340 iliis
1532 4287 1753 4352 continebantur,
1789 4290 1893 4355 priores
1921 4286 2030 4338 ordines
2058 4283 2139 4336 datos

267 4373 270 4380 ¹
294 4348 360 4404 xiv
396 4352 534 4408 ordinibus
569 4354 670 4407 theatri
700 4357 820 4424 petitum.
875 4354 978 4424 Legem
1006 4357 1076 4408 enim
1106 4355 1158 4408 Ro·
1279 4355 1371 4408 1381338
1414 4355 1573 4421 Postremo,
1607 4356 1743 4424 quomodo
1768 4355 1831 4408 lieri
1860 4356 1961 4424 potuit,
1989 4362 2017 4405 ut
2046 4354 2140 4421 qrrinta

294 4421 379 4473 381883
406 4420 471 4474 dicit
496 4441 523 4492 p,
548 4427 607 4479 301.
634 4437 687 4476 non
712 4437 811 4476 novum
830 4425 963 4496 eqrritibus
991 4423 1159 4493 privilevium
1280 4425 1452 4478 1088188318
1475 4427 1593 4492 equitum
1621 4442 1675 4478 888
1699 4442 1760 4479 ctun
1784 4426 1932 4478 centesima
1956 4421 2139 4490 8808883888-

297 4489 422 4554 derlisso,
447 4491 496 4542 sed
515 4491 652 4561 antiquum
671 4494 836 4556 restituisse,
856 4508 936 4562 888333
955 4467 1159 4552 aretemill'lll.
1281 4495 1350 4546 sinna
1372 4495 1493 4548 centuria
1517 4493 1643 4563 suffragia
1665 4495 1763 4558 ferret,
1788 4509 1867 4560 qrrrnn
1891 4500 1981 4545 tamen
2003 4492 2084 4544 etimn
2102 4490 2140 4542 illi

278 4560 436 4612 ‘centurias
454 4559 760 4616 Xinontumordinas'
778 4561 929 4626 imbuerint,
948 4561 1067 4630 intelligi,
1087 4569 1161 4629 8881-
1283 4564 1386 4628 asperitas
1429 4564 1538 4626 minime
1577 4565 1681 4632 primae
1716 4563 1810 4616 classis
1845 4577 1954 4616 censum
1990 4558 2139 4614 baberent!

296 4636 358 4681 tuor
376 4629 511 4680 centurias
530 4645 583 4682 non
602 4633 704 4700 optimo
720 4631 784 4700 jure
800 4649 863 4685 8383
882 4631 973 4684 luisse.
1008 4632 1068 4684 1183
1084 4631 1164 4700 igitur
1270 4630 1340 4699 ‚seo
1373 4631 1443 4684 boec
1477 4634 1567 4687 omnia
1598 4651 1615 4686 8
1650 4632 1782 4686 Cicerone
1808 4631 1870 4698 ipso
1897 4629 2067 4693 refelluntur,
2097 4628 2141 4695 881

296 4697 459 4751 irrisae-illos
480 4697 608 4750 Varronis
627 4700 802 4765 ferentarios,¹
820 4715 936 4768 eosque,
956 4709 984 4753 ut
1002 4701 1028 4753 in
1048 4699 1164 4764 theatro,
1285 4702 1401 4767 erptituur
1437 4719 1548 4756 numero
1583 4719 1617 4754 ex
1651 4701 1723 4753 88381
1757 4700 1850 4768 poptrli
1877 4715 1981 4754 3838838
2005 4705 2164 4767 38883818,

298 4767 338 4822 318
365 4783 454 4838 neque
481 4767 507 4822 18
536 4769 667 4830 concione
697 4770 789 4840 popuii
816 4770 887 4824 idem
909 4769 957 4841 jus
983 4779 1064 4838 atque
1089 4768 1165 4834 aiios,
1286 4778 1340 4840 tum
1366 4770 1474 4824 81838838
1497 4771 1627 4837 reliquom
1650 4769 1780 4838 populum
1802 4769 1829 4824 iu
1852 4769 1956 4824 classes
1972 4767 2142 4822 distributum

298 4852 386 4906 neque
422 4833 537 4890 eundem
573 4851 683 4890 8883838
712 4835 848 4892 babuisse.
901 4837 974 4906 Sed,
1010 4839 1061 4893 nisi
1091 4837 1166 4892 0188-
1286 4855 1347 4894 8338
1365 4839 1455 4892 tradit.
2087 4853 2092 4865 ·
