5092 5650
458 399 587 506 so¹

1025 549 1029 556 .
1451 545 1465 583 ,
1967 551 1978 562 ,

458 639 509 716 Μ.
536 628 687 717 Attilio,
721 625 783 726 qui
809 624 855 698 de
881 618 1073 704 maiestate
1101 617 1294 694 damnatus
1321 628 1397 710 est,
1432 617 1681 718 bocplanmn
1705 618 1843 696 factum
1868 627 1947 713 est,
1976 637 2043 698 eos
2069 622 2264 723 pecuniam
2290 624 2339 700 ob

458 781 537 834 rem
563 744 794 826 indicandam
819 735 1031 838 accepisse3
1058 737 1158 835 qnod
1182 735 1326 812 inventi
1353 724 1443 811 suut
1464 744 1670 828 senatores,
1693 736 1761 849 qui
1786 736 1828 810 G.
1852 738 1974 816 Verre
1999 742 2186 839 praetore'
2199 743 2340 817 urbano

459 870 657 955 sortiente,
684 858 831 935 exirent
855 854 894 929 in
921 877 1004 930 eum
1031 879 1155 945 reum,
1182 877 1293 952 quem
1317 852 1506 952 incognita
1532 877 1663 928 caussa
1687 852 1923 948 damnarent3
1956 857 2056 954 quod
2082 857 2257 932 inventus
2282 867 2342 936 est

459 999 619 1072 senator,
646 975 720 1076 qui,
744 998 858 1072 quum
884 970 999 1046 iudex
1025 981 1138 1061 esset,
1165 971 1204 1046 in
1231 970 1364 1046 eodem
1390 969 1529 1044 iudicio
1556 981 1595 1044 et
1620 973 1665 1044 ab
1691 997 1757 1045 reo
1783 971 1979 1071 pecuniam
2006 973 2205 1074 acciperet,
2232 989 2341 1073 quam

459 1103 642 1186 iudicibus
668 1089 869 1182 divideret,
894 1097 933 1164 et
953 1092 998 1164 ab
1026 1099 1252 1179 accusatore,
1278 1098 1322 1164 ut
1343 1111 1449 1162 reum
1474 1089 1703 1164 damnarett‘
1742 1082 1819 1164 ms
1845 1098 1955 1189 atque
1980 1090 2194 1166 huiusmodi
2218 1094 2340 1194 plura,

459 1249 552 1328 qnae
579 1220 664 1291 sunt
679 1211 790 1310 apud
816 1208 1053 1297 Ciceronem,
1072 1205 1121 1305 ²⁰)
1156 1205 1416 1306 reputantibus
1441 1203 1595 1280 dubium
1620 1216 1803 1280 nouerat
1832 1207 2101 1308 rempublicam
2134 1219 2232 1286 stare
2267 1235 2343 1286 non

458 1362 590 1444 porse,
625 1328 698 1405 nisi
725 1327 771 1402 ad
796 1335 1007 1424 equestrem
1033 1322 1202 1401 ordinem
1228 1320 1365 1399 iudicia
1390 1323 1633 1398 referrentur.
1651 1321 1700 1422 ²¹)

622 1449 744 1544 Atque
771 1443 843 1520 iam
869 1440 1034 1516 Sullanis
1059 1439 1291 1539 temporibus
1317 1439 1531 1539 praevideri
1556 1437 1695 1540 potuit,
1727 1437 1895 1526 ordinem
1921 1453 2152 1542 equestrem,
2177 1443 2344 1543 quamtis

460 1573 638 1651 afflictum
664 1559 957 1664 proscriptione,
984 1555 1243 1657 privatumque
1269 1554 1337 1647 iis,
1363 1554 1496 1652 quibus
1522 1566 1632 1632 antea
1657 1557 1795 1651 valuit,
1820 1557 2050 1659 privilegiis,
2087 1570 2212 1636 tamen
2237 1563 2344 1638 brevi

458 1691 610 1768 easdem
635 1681 737 1757 vires
763 1684 1088 1775 recuperaturum
1122 1671 1155 1748 si
1181 1671 1332 1771 quidem
1358 1699 1402 1748 ea
1426 1673 1597 1774 quidem,
1632 1695 1726 1772 quae
1753 1675 1952 1776 generibus
1977 1677 2196 1777 quibusdam
2230 1680 2344 1758 certis

457 1806 680 1890 continetur,
707 1791 880 1872 nobilitas
907 1790 1096 1892 exstingui
1113 1801 1291 1889 ,tempore
1316 1797 1454 1891 potest,
1483 1790 1641 1866 divitum
1667 1801 1792 1867 antem
1815 1817 1901 1869 eum
1926 1793 2010 1894 ipsa
2034 1794 2186 1870 civitate
2210 1807 2252 1872 et
2275 1821 2346 1872 uu-

459 1947 584 2004 merus
623 1927 662 1991 et
694 1911 862 2014 potentia
899 1908 1044 1984 crescit.
1108 1909 1232 2008 Quum
1271 1906 1369 1984 enim
1408 1907 1533 1983 statim
1570 1921 1658 2010 post
1690 1909 1820 1986 Sullae
1857 1921 2016 1986 mortem
2053 1921 2218 2012 pateret,
2257 1939 2345 1990 esse

461 2043 651 2120 etiamtum
677 2029 853 2130 quasdam
878 2026 917 2100 in
943 2023 1094 2102 civitate
1120 2037 1246 2126 partes
1275 2023 1432 2121 equites,
1461 2024 1561 2124 iique
1587 2027 1717 2128 paucis
1743 2026 1849 2102 annis
1874 2039 2026 2105 veteres
2051 2029 2153 2106 sires
2178 2031 2346 2132 recepis-

462 2169 566 2248 sent,
600 2147 762 2228 dubitari
787 2169 861 2222 non
887 2143 1010 2244 potuit
1036 2145 1081 2218 ab
1108 2141 1373 2243 prudentibus,
1403 2142 1511 2242 quin,
1538 2143 1610 2218 nisi
1636 2154 1745 2220 retus
1772 2144 1934 2245 dignitas
1959 2145 2146 2244 equitibus
2169 2149 2346 2227 restitue-

461 2286 583 2363 retur,
619 2290 799 2346 summum
834 2260 1034 2338 discrimen
1066 2259 1279 2336 immineret
1309 2261 1357 2335 ab
1389 2257 1437 2334 iis
1470 2261 1717 2354 adversariis,
1751 2263 1886 2362 quibus
1909 2289 1959 2340 ne
1992 2263 2048 2340 illi
2080 2265 2248 2364 quidem,
2281 2266 2346 2366 qui

459 2385 691 2471 Gracchanis
717 2380 948 2482 temporibus
975 2389 1081 2454 erant
1108 2376 1325 2480 optimates,
1350 2375 1528 2454 resistere
1554 2379 1776 2479 potuissent.
1828 2379 1861 2454 Ii
1886 2381 2019 2481 igitur,
2051 2385 2134 2483 qui,
2160 2383 2233 2458 etsi
2258 2385 2346 2460 Sul-

459 2515 583 2588 lanam
607 2501 834 2602 reipublicae
862 2495 1161 2572 constitutionem
1186 2495 1322 2570 durare
1347 2521 1423 2572 nou
1448 2521 1561 2596 posse
1587 2496 1864 2597 intelligebant,
1897 2508 2034 2592 umen,
2060 2501 2344 2600 quoquomodo

457 2625 547 2706 fieri
580 2619 720 2723 potuit,
753 2641 870 2718 penes
903 2615 1101 2712 optimates
1134 2638 1219 2688 esse
1252 2614 1502 2712 gubemacula
1533 2613 1762 2715 reipublicae
1795 2615 2013 2721 cupiebant,
2047 2617 2344 2694 coniunctionem

460 2743 655 2840 utriusque
682 2732 842 2825 ordinis,
869 2731 902 2806 si
928 2755 1002 2807 non
1027 2730 1147 2822 illam,
1182 2751 1276 2831 quae
1298 2730 1427 2806 fuerat
1452 2741 1538 2808 ante
1564 2731 1728 2808 Gracchi
1752 2743 1941 2835 tempora,
1974 2745 2014 2810 at
2037 2745 2162 2812 tamen
2184 2735 2344 2837 aliquam

462 2856 731 2939 restituendam
755 2877 841 2927 esse
863 2850 1096 2926 sentiebant:
1131 2847 1195 2948 qul
1219 2848 1351 2952 populi
1383 2872 1552 2923 caussam
1586 2861 1715 2925 contra
1746 2852 1946 2951 optimates
1974 2866 2237 2955 susceperant,
2269 2866 2346 2949 aut,

459 2991 508 3058 ut
530 2990 608 3053 tum
635 2971 719 3049 fieri
745 2976 917 3068 coeptum
943 2979 1018 3059 est,
1053 2968 1179 3067 specie
1205 2963 1466 3066 popularitatis
1492 2968 1642 3059 turbare
1675 2968 1941 3067 rempublicam
1976 2970 2345 3075 conflictantibusque

460 3095 630 3201 partibus
656 3090 871 3189 superiores
897 3086 1058 3161 evadere
1085 3084 1159 3183 ipsi
1186 3081 1478 3175 contenderunt,
1499 3081 1597 3158 nihil
1622 3082 1808 3181 antiquius
1832 3084 1972 3160 babere
1997 3086 2199 3183 debebant,
2224 3116 2345 3192 qum,

461 3227 505 3291 ut
538 3208 773 3289 concordiam
806 3213 957 3281 sanatam
992 3202 1229 3301 equitumque
1263 3198 1491 3275 dirimerent
1550 3199 1659 3277 Unus
1693 3209 1799 3293 erat,
1829 3202 1894 3301 qui
1926 3211 2107 3305 utrosque
2140 3208 2345 3301 coniunxit,

461 3332 645 3407 bellorum
671 3323 837 3401 civilium
861 3331 1001 3413 metus,
1029 3319 1167 3419 quippe
1193 3316 1341 3418 utrique
1366 3342 1477 3418 pares
1504 3314 1665 3411 divitiis,
1692 3320 1847 3395 vastatis
1873 3321 2091 3422 provinciis,
2116 3324 2258 3402 incerto
2283 3336 2344 3401 to

462 3446 538 3521 tius
571 3441 702 3521 ltaliae
735 3450 852 3531 statu,
891 3462 1020 3538 parem
1053 3436 1286 3513 sortrmarum
1318 3434 1496 3513 iacturam
1529 3434 1840 3513 extimescebam
1857 3436 1907 3539 ²²)
1945 3444 2062 3519 multa
2093 3453 2218 3535 erant,
2250 3466 2345 3540 quae

461 3586 579 3663 mpm
613 3553 818 3657 explicavi,
857 3579 951 3651 quae
977 3564 1159 3652 utrosque
1187 3552 1459 3627 disiunxerunt
1509 3552 1676 3629 Alterius
1706 3552 1825 3655 partis
1858 3555 2043 3660 principio
2076 3561 2152 3635 dux
2185 3566 2225 3633 et
2255 3586 2346 3661 pro-

463 3685 648 3785 pugnator
670 3670 886 3771 Pompeius,
913 3678 951 3745 et
976 3678 1170 3770 postquam
1197 3668 1321 3743 ethic
1346 3679 1515 3745 senatum
1541 3670 1719 3764 deseruit,
1745 3672 1890 3767 Cicero,
1913 3675 2068 3751 alterius
2089 3676 2229 3751 Caesar
2252 3690 2345 3755 erat.

465 3801 644 3902 Quorum-
659 3801 702 3867 ut
725 3789 906 3888 cuiusque
929 3798 995 3863 aut
1021 3784 1115 3861 ratio
1142 3785 1289 3861 ferebat
1313 3796 1377 3861 aut
1401 3787 1552 3863 valebat
1574 3789 1794 3882 auctoritas,
1823 3804 1887 3868 aut
1912 3793 2062 3869 sedatae
2088 3802 2175 3867 sunt
2195 3806 2264 3869 aut
2287 3794 2346 3871 in·

463 3917 599 3993 citatae
626 3908 833 3987 discordiae
861 3902 1002 3981 ordinis
1028 3902 1242 4003 utriusque,
1277 3899 1364 3979 dum
1390 3916 1548 4005 utroque
1573 3928 1596 3981 a
1622 3908 1782 3984 Caesare
1804 3910 1975 3985 subiecto
2002 3919 2041 3985 et
2071 3909 2252 4010 dignitate
2275 3937 2345 3993 ma

465 4034 633 4135 privato,
669 4037 794 4102 certus
816 4036 859 4101 et
883 4020 1106 4121 tranquillus
1130 4019 1324 4120 utriusque
1350 4031 1468 4097 status
1493 4026 1564 4099 sub
1589 4023 1759 4125 Augusto
1785 4026 1904 4101 factus
1926 4038 1999 4101 est.
2395 4098 2403 4107 ,

541 4170 542 4173 ’
629 4150 666 4229 3,
701 4145 807 4244 Quae
833 4165 945 4241 quum
970 4140 1024 4215 ita
1049 4149 1187 4232 essent,
1215 4139 1311 4217 duae
1337 4141 1515 4243 deinceps
1541 4142 1589 4217 ud
1613 4146 1793 4245 populum
1815 4142 2029 4244 rogationes
2055 4146 2222 4246 perlatae
2247 4158 2345 4241 sunt,

465 4270 584 4346 alters
606 4256 869 4359 assmpsit
895 4258 942 4331 de
968 4257 1199 4335 redimenda
1220 4257 1420 4335 tribunicia
1444 4269 1643 4360 potestate,
1670 4263 1788 4337 altera
1811 4260 1857 4336 L.
1878 4261 1968 4337 Aur.
1991 4260 2134 4357 cotue,
2161 4267 2345 4365 praetoris

467 4412 499 4461 a.
524 4384 587 4474 70,
621 4382 668 4456 de
694 4376 879 4455 mutandis
912 4374 1071 4450 iudiciis.
1124 4374 1290 4477 Quamm
1323 4375 1363 4449 in
1396 4375 1522 4476 priore
1555 4378 1781 4478 perferenda
1798 4383 1923 4478 'quum
1956 4404 2077 4480 neque
2103 4382 2150 4483 Q.
2178 4382 2344 4474 Catulos,

467 4510 721 4603 propugnator
753 4494 818 4571 ille
853 4492 1085 4595 optimatium
1102 4491 1151 4595 ²³)
1185 4490 1436 4598 princepsque
1462 4494 1639 4573 Sullanae
1665 4492 1856 4587 factionis,
1874 4495 1924 4596 ²⁴)
1956 4511 2112 4601 negaret
2134 4498 2174 4574 in
2198 4512 2344 4597 senatu,

985 4648 997 4685 Ι

524 4750 582 4803 Act.
602 4746 621 4812 l,
639 4765 662 4799 e.
683 4748 724 4813 ll,
746 4750 786 4801 15.
820 4746 853 4803 ll.
874 4746 898 4811 1,
916 4746 987 4811 Μ.
1021 4758 1066 4815 pr.
1082 4742 1188 4799 fflrreut.
1206 4745 1250 4803 22.
1440 4746 1930 4817 ²³)Sall.ll'rstor.l·‚p·18·ifierl.

524 4820 551 4873 tn
570 4818 648 4873 Vera.
666 4812 699 4881 lt,
717 4816 742 4883 ³,
757 4817 804 4881 bb,
821 4816 881 4873 223.
900 4816 961 4873 ill.
1048 4855 1052 4865 .
1441 4820 1477 4887 ²⁴)
1497 4816 1733 4872 Puero-nacon.
1751 4817 1778 4871 ln
1797 4820 1857 4872 Act.
1876 4819 1900 4874 ll
1922 4820 1949 4873 lu
1967 4818 2077 4874 Verrem
2101 4833 2131 4889 p·
2145 4817 2203 4876 aab
2221 4816 2271 4877 Or·
2312 4823 2346 4877 ni

525 4907 553 4944 v.
572 4897 626 4942 not.
644 4888 687 4943 dl·
1474 4888 1566 4959 πρῶτα
1582 4888 1626 4953 nit
1642 4890 1741 4957 βουλῆς,
1778 4888 1839 4945 Dio.
1858 4891 1902 4957 ab,
1921 4892 1964 4947 lt.

471 4755 504 4817 20>

470 4824 507 4961 :13
