5092 5650
419 381 490 467 tc

413 573 466 706 ab
499 620 571 692 hoc
603 613 690 689 inde
722 616 900 712 tempore*
929 612 1040 686 etiam
1074 610 1112 686 in
1146 635 1343 685 censorum
1376 608 1513 687 tabulis
1548 602 1714 710 primuin·
1734 608 1834 684 inter
1860 608 2006 706 equites
2030 587 2153 685 locum
2179 617 2312 683 tenue-

419 736 507 829 rint,
530 732 594 831 ¹⁰⁴)
619 740 744 824 tamen
770 728 896 805 statim
922 731 967 805 ub
992 727 1099 801 initio
1126 754 1201 803 non
1228 730 1311 819 hoc,
1338 728 1406 801 sed
1432 728 1544 825 longe
1569 726 1689 800 maius
1716 726 1806 824 quid
1832 727 1903 801 hoc
1928 725 2038 801 titulo
2065 724 2312 831 significatum

282 852 294 869 ·
333 907 341 917 .
420 852 538 929 fuisse
572 848 661 928 iudo
686 841 927 945 intelligitur,
964 846 1063 943 quod
1087 870 1163 921 non
1197 842 1370 921 censoria
1394 851 1601 941 potestate,
1637 843 1820 941 adquam
1851 842 2098 943 pertinuisset
2129 841 2312 949 principis

311 952 328 1015 ·’
419 968 543 1058 lectio,
571 968 616 1046 ab
642 966 814 1066 Aqgusto
839 962 923 1067 ipso
950 958 1050 1041 inter
1075 960 1220 1068 equites
1246 962 1425 1063 princeps
1450 968 1647 1060 receptus,
1674 960 1743 1034 sed
1768 971 2027 1060 cooptatus
2052 961 2099 1033 ab
2122 958 2312 1058 equitibus

293 1055 304 1068 ⁸
418 1086 616 1164 immatura
646 1089 770 1157 aetate
792 1076 856 1179 ¹⁰¹)
889 1080 1005 1157 Gaius
1038 1084 1124 1172 est,
1141 1080 1207 1179 ¹⁰²)
1241 1080 1305 1178 qui
1330 1102 1412 1169 mos
1439 1076 1551 1152 etiarn
1585 1069 1719 1176 postea
1753 1077 1913 1152 duravit
1935 1078 2000 1178 ¹⁰³)
2052 1077 2172 1152 Plane
2197 1076 2314 1177 igitur

306 1173 316 1194 ⁹
419 1228 520 1279 novo
546 1201 697 1281 honoro
713 1194 891 1297 princeps
916 1194 1124 1271 iuventutis
1138 1206 1317 1288 creatus,
1344 1196 1496 1269 decreto
1523 1192 1693 1293 corporis
1719 1194 1885 1292 equitum
1911 1219 2007 1292 equo
2033 1193 2204 1295 publico,
2237 1220 2313 1270 non

420 1318 493 1395 alio
519 1314 642 1407 modo,
669 1321 781 1411 atqua
806 1307 967 1412 Augusti
992 1336 1130 1392 nomen
1155 1314 1276 1411 scta,
1308 1311 1427 1415 patris
1453 1310 1597 1413 patriae
1623 1334 1811 1387 consensu
1836 1312 2000 1388 omnium
2026 1311 2198 1390 ordinum
2224 1337 2312 1389 cou-

418 1437 604 1515 firmatum
631 1440 701 1507 ost.

584 1546 770 1649 Quoniam
801 1570 898 1621 vero
932 1548 978 1622 ad
1012 1545 1082 1619 hos
1109 1546 1255 1643 equites
1282 1544 1517 1638 ceremoniae
1542 1539 1725 1643 quaedam
1749 1544 2031 1645 pertinuerunt,
2065 1544 2313 1623 transvectio-

418 1694 522 1759 num,
546 1665 770 1744 decursuum
790 1663 830 1739 in
854 1662 1062 1755 funeribus,
1089 1671 1129 1735 et
1149 1658 1241 1763 quas
1267 1664 1358 1739 alias
1385 1661 1686 1755 commemoravi,
1713 1662 1915 1760 quaeritur,
1943 1663 2096 1762 quaein
2122 1662 2182 1737 his
2208 1664 2314 1765 prin·

420 1786 515 1887 cipis
539 1780 747 1860 iuventutis
773 1789 901 1882 partes
926 1779 1079 1853 luerint.
1129 1781 1175 1857 In
1202 1806 1276 1880 qua
1299 1806 1342 1857 re
1365 1780 1610 1860 memorabile
1637 1789 1706 1870 est,
1734 1780 1854 1878 quod,
1881 1807 1993 1879 quum
2019 1780 2104 1871 Dio,
2132 1791 2174 1855 ut
2200 1805 2314 1880 supra
2353 1855 2356 1860 .

420 1903 520 1993 dixi,
545 1898 598 1973 Μ.
625 1898 840 1989 Aurelium,
868 1897 988 1971 adhuc
1015 1898 1235 1993 Gaesarem,
1262 1900 1362 1975 dicat
1387 1898 1615 1997 appellatum
1643 1895 1761 1971 fuisso
1788 1913 1960 2001 πρόκριων
1988 1918 2043 1999 τῆς
2073 1910 2229 1989 ἱππάδος,
2246 1898 2310 1998 ¹⁰⁴)

420 2020 468 2093 de
495 2017 625 2100 eadem
651 2040 694 2089 re
721 2013 955 2115 Capitolinus
981 2037 1019 2087 v.
1045 2014 1097 2087 M.
1124 2016 1212 2102 Ant.
1239 2018 1304 2118 ph.
1332 2043 1363 2091 c.
1390 2014 1415 2088 6
1442 2014 1689 2108 „Consulem,
1714 2012 1846 2112 inquit,
1874 2038 1999 2089 secum
2026 2014 2119 2115 Pius
2145 2017 2319 2091 Marcum·

420 2131 651 2235 designavit,
685 2142 724 2207 et
750 2131 922 2207 Caesaris
957 2129 1209 2239 appellatione
1245 2131 1420 2224 donavit,
1455 2142 1494 2206 et
1527 2127 1740 2205 sevirum
1774 2130 1944 2206 turmis
1978 2131 2186 2230 equiturn
2220 2133 2313 2207 Ro·
2355 2238 2363 2251 Ι

417 2274 655 2331 manorum
692 2248 781 2323 iam
822 2251 1065 2323 consulem
1105 2250 1411 2351 designatum
1442 2249 1650 2340 creavit,
1691 2259 1738 2322 et
1772 2248 1938 2323 edenti
1971 2271 2070 2323 cum
2105 2250 2312 2351 collegis

419 2370 561 2447 ludos
601 2367 842 2443 sevirales
882 2366 1111 2440 assedit“.
1170 2360 1221 2443 Iit
1255 2392 1330 2442 non
1364 2366 1475 2440 modo
1510 2363 1584 2439 Dio
1623 2367 1647 2440 l.
1682 2364 1707 2439 l.
1742 2365 1794 2439 M.
1828 2365 2024 2441 Aurelium
2047 2391 2146 2464 ‚cum
2182 2368 2314 2443 turmis

418 2484 585 2587 equitum
606 2486 645 2575 in
666 2485 788 2561 sorum
810 2482 1043 2584 processisse
1064 2482 1279 2585 sonloit,¹⁰⁵)
1305 2484 1374 2559 sed
1395 2476 1546 2558 disertis
1570 2480 1698 2557 verbis
1714 2482 1891 2574 Zonaras,
1919 2507 2026 2582 quern
2050 2509 2178 2561 omnes
2204 2512 2314 2587 prse-

265 2643 274 2660 ·
385 2704 388 2707 Ι
418 2599 674 2695 torviderunt,
709 2602 821 2676 etiam
849 2599 997 2692 Caium,
1026 2602 1235 2703 principem
1261 2600 1487 2691 iuventutis,
1521 2598 1687 2675 sevirum
1712 2608 1916 2675 turmarum
1943 2599 2062 2675 fuisse
2087 2602 2227 2677 retulit.
2250 2602 2313 2702 ¹⁰⁸)

283 3992 312 4009 ·-
363 4072 372 4089 ·
427 4043 474 4109 ¹⁰⁸)
492 4039 591 4094 Marm.
610 4041 677 4092 Anc.
695 4039 712 4093 l.
731 4039 750 4092 l.

355 2719 363 2736 '
420 2720 481 2793 Aa
502 2711 648 2809 neseio,
682 2740 729 2791 au
754 2717 842 2794 inde
877 2718 1049 2793 videatur
1081 2719 1363 2821 explicandum,
1398 2718 1516 2819 quod,
1553 2740 1666 2815 quum
1691 2715 1731 2789 in
1764 2714 2069 2817 inscriptionibus
2103 2719 2313 2796 sevirorum

420 2837 561 2912 mentio
587 2835 765 2933 frequens
792 2835 859 2928 sit,
893 2847 1018 2911 tamen
1043 2839 1187 2937 primae
1220 2849 1364 2913 turmae
1399 2835 1503 2910 sevir
1534 2833 1725 2909 rarissime
1759 2833 1993 2911 inveniaturt
2016 2838 2080 2937 ¹⁰²)
2113 2839 2188 2913 nisi
2214 2840 2312 2915 forte

351 3011 353 3019 ,
419 2953 461 3030 id
486 2977 575 3028 casu
601 2952 738 3026 lactum
766 2963 844 3046 est,
877 2979 989 3054 quum
1017 2955 1128 3030 etiam
1155 2965 1287 3034 sextae
1312 2965 1457 3029 turmae
1491 2949 1595 3027 sevir
1627 2975 1808 3049 nusquam
1841 2965 2161 3031 commemoretur.
2214 2958 2313 3034 Illud

417 3071 552 3150 contra
576 3095 646 3172 pro
674 3071 869 3172 explorato
896 3071 1037 3162 habeo,
1071 3071 1116 3146 ad
1143 3071 1344 3146 seviralem
1369 3079 1594 3170 potestatem
1620 3068 1833 3170 principum
1858 3069 2064 3148 iuventutis
2098 3099 2185 3148 esse
2210 3076 2311 3152 rele-

418 3185 596 3282 rendum,
622 3186 741 3287 quod,
771 3187 946 3286 quamdiu
972 3212 1210 3264 successores
1237 3198 1381 3267 tantum
1405 3185 1574 3286 imperii,
1601 3185 1701 3285 iique
1728 3209 1804 3261 non
1829 3186 1903 3262 uisi
1928 3185 2182 3291 iuniores,¹⁰⁸)
2208 3194 2311 3294 prin-

423 3303 526 3403 cipes
552 3303 758 3385 iuventutis
784 3306 912 3400 fuere,
942 3305 1082 3381 nummi
1108 3331 1238 3383 eorum
1264 3316 1379 3407 typos
1407 3311 1621 3402 equestres,
1649 3305 1811 3396 hastam,
1838 3305 2033 3405 clypeum,
2062 3307 2222 3408 equitem
2249 3334 2309 3384 re-

421 3429 675 3521 praesentent,
703 3423 749 3496 ud
769 3425 975 3499 solemnem
1001 3425 1261 3500 decursionem
1288 3423 1453 3522 equitum
1473 3421 1728 3521 pertinentesz
1754 3431 1950 3523 postquam
1971 3435 2095 3500 autem
2121 3425 2314 3529 sibiipsis

427 3693 474 3760 ¹⁰⁰)
494 3690 568 3760 Lips.
588 3691 623 3746 de
641 3709 729 3762 magn.
748 3693 828 3747 lloru.
846 3696 872 3760 4,
891 3693 908 3746 ⁸2
926 3713 952 3765 p.
971 3696 1023 3752 tto
1043 3697 1085 3750 ed.
1105 3695 1151 3748 sol.
1435 3685 1492 3750 xcii
1510 3697 1709 3768 πρόκριτον
1725 3695 1883 3764 ἀπέφηνε
1902 3700 1957 3764 τῆς
1973 3703 2145 3766 νεότητος,
2163 3702 2312 3771 ἵλαρχόν

1435 3786 1469 3820 τε
1488 3767 1594 3834 φυλῆς
1610 3767 1780 3836 γενέσθαι
1799 3771 1917 3839 intres
1929 3783 1983 3836 ψε·
2001 3773 2046 3822 καὶ
2061 3773 2117 3841 ¹raear'
2130 3773 2250 3824 {meando
2266 3773 2310 3825 καὶ

1435 3836 1450 3890 o‘
1469 3839 1579 3893 Λούκιος
1596 3836 1641 3892 τᾶς
1658 3837 1743 3907 τιμᾶς,
1760 3835 1821 3889 ὅσαι
1839 3837 1875 3892 roi
1887 3846 1940 3891 l'ut
1980 3841 2017 3909 τῷ
2034 3842 2140 3912 ἀδελφῷ
2157 3841 2237 3894 αὐτοῦ
2254 3843 2310 3894 ddi-

459 3936 586 4006 dcviginti
605 3953 745 4012 annorum.
781 3937 837 3992 Dio
855 3942 899 4006 52,
920 3870 1205 4012 ῗὲθκσὲῗῃῗῗθῆδι
1225 3889 1249 3926 θ’
1268 3874 1334 3928 duo.
1434 3907 1536 4044 ἳΐὲιᾝ
1553 3907 1652 4028 {ism
1687 3904 1722 3958 ό*
1741 3922 1811 3991 (με
1828 3891 1865 3961 “d
1883 3907 1970 3961 mm
1987 3908 2077 3962 ¹⁰⁶¹¹⁰¹
2095 3910 2131 3962 ‘¹⁰
2149 3911 2311 3964 ‘lemnia’

427 3798 474 3866 101)
493 3794 557 3849 Non
583 3795 685 3850 diserte
710 3797 780 3863 dixi,
806 3799 878 3867 qrrod
901 3815 953 3921 per
978 3817 1009 3854 se
1032 3801 1205 3870 intelligitur,
1230 3804 1334 3872 equites

459 3882 529 3933 espuo
555 3883 580 3936 p.
600 3867 741 3920 militarem
759 3876 875 3922 aetatem

1404 4083 1450 4138 ¹⁰⁷)
1470 4076 1676 4146 mactantem
1697 4095 1757 4132 cum
1775 4078 1828 4133 lrac
1846 4079 1926 4134 inser.
1945 4083 2039 4135 neseio
2058 4082 2130 4134 unde
2142 4081 2257 4136 Cosani).
2276 4083 2311 4136 ad

328 4178 335 4192 .
428 4144 474 4212 tut)
494 4141 603 4211 lnmpr.
630 4141 732 4196 (lum'm.
753 4147 786 4209 l,
809 4146 836 4199 i.
881 4144 952 4198 Coo
960 4155 1082 4216 ptatus
1106 4149 1177 4203 inter
1203 4149 1335 4204 trossulos
1437 4147 1552 4217 Capitol.
1571 4146 1613 4201 Μ.
1631 4148 1694 4201 Ant
1719 4147 1765 4218 pir.
1784 4151 1811 4204 o,
1847 4149 1876 4203 ln
1897 4151 2083 4221 Scaligerinno
2108 4152 2143 4204 ad
2169 4153 2313 4205 (leutenun

303 4420 312 4435 ¹
427 4406 475 4485 ¹⁰⁸⁵)
494 4419 548 4473 Dio
570 4421 619 4487 71,
644 4419 685 4476 ³5.
721 4421 767 4475 καὶ
790 4423 929 4506 πρδξριιος
954 4424 998 4489 τῆς
1021 4424 1137 4481 ἱππάδος
1161 4423 1336 4496 &usurparis

457 4212 584 4281 prinsep,
601 4212 746 4266 iuventutis
765 4222 816 4266 est.
1436 4218 1525 4271 indice
1537 4225 1633 4270 autem
1651 4219 1696 4286 qul
1715 4219 1814 4272 citatur
1831 4218 1925 4284 locros,
1945 4238 2040 4273 errore
2058 4219 2258 4293 typographico
2277 4223 2312 4275 ita

428 4317 474 4385 aar)
493 4333 519 4369 v,
539 4323 594 4370 „02
614 4315 658 4370 94,
1208 4363 1211 4371 ‘
1435 4288 1569 4341 iudicatus
1587 4295 1646 4354 est,
1668 4296 1696 4342 ut
1715 4305 1776 4341 eum
1796 4289 1842 4342 diu
1861 4306 1995 4359 qrraerens
2012 4307 2066 4343 non
2086 4291 2244 4344 invenerim.

1377 4436 1379 4439 .
1403 4392 1465 4511 ¹⁰th
1472 4388 1501 4443 C.
1516 4399 1548 4475 ⁸et
1564 4390 1596 4444 11.
1609 4391 1780 4478 'Glaesaribus
1799 4399 1971 4477 pra-amatura
1995 4402 2084 4447 morte
2102 4394 2240 4448 exstinctis
2259 4411 2312 4446 non

460 4491 771 4574 ιιιιιιιι
871 4493 1221 4562 ιιιιιιιι)
1236 4498 1334 4570 ιιι
1434 4460 2184 4600 ,attumulatur:asscensus
2197 4463 2312 4585 titia

418 4625 425 4637 ι
459 4563 566 4634 Km‘mi’
586 4561 629 4612 ὤν’
1325 4582 1329 4592 ’
1434 4599 1482 4652 sed
1509 4599 1694 4654 Gernranicrrs.
1731 4569 1793 4654 (iv,
1805 4619 1848 4669 ep.
1868 4619 1901 4654 ex
1921 4601 2011 4656 Ponto
2021 4567 2062 4669 (⁸2,
2087 4604 2117 4668 5,
2142 4606 2183 4656 dl.
2248 4573 2313 4655 tiani

419 4659 477 4738 ⁸¹⁰⁶)
494 4659 592 4714 Zonar.
614 4661 655 4728 to,
674 4662 716 4718 35.
735 4681 761 4732 p.
779 4664 831 4720 539
851 4663 882 4717 Α.
920 4664 985 4716 Par.
1004 4682 1029 4734 p.
1049 4667 1100 4719 tot
1119 4663 1154 4720 B.
1173 4665 1241 4720 l'en.
1260 4665 1334 4723 haud
1434 4667 1522 4722 'litum
1539 4679 1654 4739 accepta
1672 4671 1812 4723 tribunicia
1827 4680 1964 4740 potestate
1979 4673 2091 4726 vlesiisse
2110 4672 2256 4741 prineipem
2274 4673 2311 4725 iu·
2342 4708 2344 4711 -

459 4727 539 4781 dubie
558 4728 653 4782 Dionis
678 4731 764 4785 locrun
792 4733 963 4800 deperditum
989 4741 1112 4788 secutus:
1139 4737 1174 4805 τῷ
1192 4737 1222 4788 d'
1244 4741 1334 4806 ἐφεξῆς
1434 4739 1553 4791 rentutis
1573 4738 1718 4809 appellari,
1745 4740 1875 4794 observat
1895 4741 1999 4795 ucttet
2023 4741 2083 4794 t’ttt
2108 4761 2133 4811 p.
2152 4743 2240 4796 tiss.
2268 4744 2312 4812 qui

459 4801 510 4852 ltu
534 4799 683 4852 δωδέκατον
707 4801 841 4856 ὑπατεύων
865 4803 1063 4874 astysmos,
1092 4807 1117 4860 ic
1135 4805 1194 4862 roric
1220 4811 1333 4875 ἐφήβους
1378 4873 1384 4878 .
1433 4817 1586 4861 ceterorum
1638 4825 1728 4878 uoque
1757 4812 1906 4882 principum
1939 4813 2082 4865 iuventutis
2114 4811 2267 4884 catalogum
2298 4829 2314 4863 e

460 4869 504 4922 τὸν
515 4873 610 4949 1Γαῖον
633 4871 718 4934 ἔταξε,
745 4874 788 4924 καὶ
812 4875 839 4928 ἐς
863 4873 892 4927 ui
915 4875 1100 4949 βουλευτήριον
1124 4873 1180 4943 ἅμα
1208 4879 1331 4948 ἐσήγαγε,
1432 4879 1545 4930 nutantis
1565 4878 1689 4931 ronecit.
2097 4895 2100 4898 ’
2137 4874 2163 4903 ‘⁴

771 5012 784 5042 g
903 4985 908 4994 Ι
1017 5019 1024 5034 ι
1905 5019 1921 5049 0
