5092 5650
421 321 503 408 20

587 558 624 634 Ἰ.
665 559 783 634 Erant
808 558 907 634 eninr
933 559 1186 635 Romanorum
1218 558 1260 633 in
1294 556 1501 658 provinciis
1527 555 1603 632 dno
1632 579 1790 657 genera,
1828 557 1989 630 alterum
2015 551 2216 650 nobilium,
2251 554 2315 655 qui

424 687 511 752 ante
538 679 636 752 bella
661 676 786 752 civilia
812 677 884 751 soli
909 676 948 752 in
976 673 1254 777 magistratibus
1280 686 1407 767 erant,
1441 677 1603 750 alterum
1626 673 1818 750 bominum
1844 697 1980 748 census
2006 673 2213 770 equestris,
2251 695 2315 746 so·

425 792 566 888 ciorum
599 795 835 895 publicorum
861 794 1119 893 vectigalium,
1154 806 1352 889 utrumque
1378 816 1498 892 rapax
1531 802 1768 885 stauarum,
1808 790 2100 865 suo'commodo
2135 789 2316 882 deditum

426 908 638 1008 despiciens
666 911 939 1010 prorinciales,
976 909 1045 986 sed
1071 909 1239 987 invidum
1264 919 1391 984 tamen
1416 910 1517 985 inter
1551 933 1594 984 se
1629 908 1904 1008 diligenterque
1931 909 2157 998 observans,
2189 933 2238 981 ne
2263 908 2317 981 al·

426 1023 544 1117 terius
570 1023 718 1126 injuriis
743 1053 819 1104 non
844 1025 1032 1128 indigenis
1060 1070 1107 1082 -
1135 1051 1265 1102 eornm
1298 1027 1400 1101 enim
1424 1026 1535 1125 pauci
1562 1037 1601 1102 et
1625 1051 1674 1102 ue
1699 1025 1741 1100 bi
1773 1026 1925 1123 quidem
1960 1049 2112 1123 semper
2136 1025 2319 1100 rationem

425 1141 637 1218 babuerunt
663 1185 710 1198 —
738 1145 806 1219 sed
832 1145 1033 1220 alterorum
1058 1154 1228 1219 utrorum
1254 1141 1460 1216 commodis
1488 1142 1716 1218 efficeretur.
1734 1141 1783 1237 00)
1833 1138 2070 1233 Accedebat,
2104 1142 2204 1240 quod
2228 1165 2319 1240 pro-

427 1259 650 1344 vincialibus
683 1263 826 1336 nullum
859 1263 1088 1362 praesidium
1123 1272 1203 1336 erat
1229 1271 1269 1335 et
1295 1270 1425 1334 contra
1451 1255 1690 1358 publicanos,
1724 1259 1799 1333 nisi
1824 1257 1864 1334 in
1890 1261 2115 1358 proconsule
2142 1269 2206 1334 aut
2229 1284 2319 1359 pro-

426 1386 615 1474 praetore,
642 1389 682 1453 et
706 1391 835 1454 contra
859 1379 1097 1478 magistratus
1123 1378 1332 1466 Romanos,
1358 1375 1434 1449 nisi
1457 1375 1498 1450 in
1523 1375 1752 1475 publicanis3
1787 1374 1960 1473 quodque
1986 1379 2036 1449 et
2050 1374 2107 1448 illi
2132 1373 2321 1452 interdum

427 1490 582 1589 iniquas
601 1497 817 1572 exactiones
845 1520 1020 1570 coercere
1046 1495 1293 1584 conabantur,
1320 1501 1360 1566 et
1384 1493 1443 1585 bi,
1478 1491 1772 1589 quotiescunque
1800 1490 1997 1590 praesides
2028 1492 2322 1591 repetundarum

430 1621 702 1703 accusarentur,
728 1611 953 1687 testimoniis
979 1611 1058 1686 suis
1085 1621 1230 1687 actores
1257 1611 1412 1684 caussbe
1434 1609 1627 1684 iuvabant
1677 1604 1807 1681 Veluti
1833 1606 1973 1698 Asiam,
2004 1630 2111 1705 quae,
2138 1625 2322 1709 oppressa

430 1726 574 1819 fenore,
602 1730 758 1804 avaritia
784 1741 823 1802 et
849 1727 1068 1804 crudelitate
1095 1729 1380 1829 publicanorum
1401 1749 1523 1827 paene
1550 1724 1691 1800 afflicta
1713 1709 1788 1798 ianr
1809 1732 1919 1822 atque
1935 1717 2086 1816 'eversa
2113 1711 2323 1800 Mithridati

429 1853 509 1918 tota
542 1869 584 1920 se
610 1845 785 1937 dederat,
807 1844 871 1943 ¹⁰⁰)
906 1845 1010 1920 linito
1036 1847 1137 1922 bello
1164 1846 1297 1920 fenore
1324 1842 1584 1941 circumsripto
1617 1842 1746 1916 levare
1780 1853 1821 1916 et
1845 1844 1891 1916 ab
1916 1841 2133 1934 imminente
2166 1841 2323 1918 interitu

430 1985 611 2034 revocare
633 1985 746 2036 ausus
767 1971 825 2038 est
838 1961 1032 2036 Lucullus.
1048 1960 1113 2061 ¹⁰¹)
1152 1961 1305 2064 Quippe
1326 1960 1427 2035 lilios
1450 1981 1541 2034 suos
1559 1959 1732 2056 filiasque
1752 1959 1921 2059 virgines
1941 1963 2012 2035 sub
2032 1983 2171 2034 corona
2189 1958 2322 2034 venire

432 2075 617 2169 viderant,
644 2076 727 2177 rapi
748 2105 769 2154 a
790 2079 940 2178 templis
962 2078 1128 2170 donaria,
1154 2079 1333 2179 picturas,
1360 2077 1558 2150 simulacra
1577 2078 1744 2168 deorum,
1771 2076 1819 2150 ad
1845 2086 2055 2152 extremum
2081 2075 2219 2150 addicti
2240 2101 2323 2150 cre·

432 2192 627 2286 ditoribus,
654 2195 729 2295 ipsi
754 2197 791 2272 in
821 2195 1040 2272 servitutem
1068 2195 1170 2270 ducti
1191 2198 1309 2270 erant.
1348 2195 1409 2268 Ad
1429 2191 1524 2268 haee
1544 2193 1668 2268 omnia
1687 2218 1826 2293 genera
1845 2193 2073 2269 cruciatuum
2095 2218 2138 2267 ac
2151 2203 2324 2268 'tormen-

432 2319 567 2404 torum,
594 2323 637 2388 ut
657 2314 719 2388 vel
747 2314 910 2389 servitus
937 2316 1109 2389 levamen
1134 2313 1316 2387 malorum
1337 2314 1549 2386 baberetur.
1589 2312 1685 2386 Tam
1706 2311 1865 2409 perditis
1878 2314 2004 2388 ,rebus
2030 2335 2142 2409 quum
2169 2319 2209 2384 et
2231 2335 2322 2384 con-

432 2426 561 2504 stituto
588 2431 698 2506 modo
725 2431 867 2506 fenoris
895 2441 933 2504 et
959 2431 1105 2504 sublata
1129 2439 1236 2529 parte
1262 2450 1460 2505 usurarum
1480 2436 1652 2502 veterum
1673 2428 1924 2518 subvenisset,
1950 2427 2108 2501 Romam
2128 2448 2324 2502 reversum

432 2545 622 2644 publicani
643 2557 681 2622 et
701 2546 775 2645 ipsi
796 2547 996 2622 Lucullum
1015 2546 1244 2621 infamabant
1265 2556 1305 2620 et
1327 2545 1499 2619 homines
1524 2543 1704 2641 quosdam
1724 2547 1926 2646 populares
1947 2544 2108 2645 pecunia
2126 2551 2324 2643 corruptos

433 2669 562 2736 contra
586 2663 692 2738 illum
717 2661 931 2738 incitabant.
981 2665 1061 2738 Per
1085 2663 1307 2764 publicanos
1332 2663 1500 2760 aliosque
1527 2660 1567 2737 in
1592 2661 1723 2735 Africa
1746 2662 1982 2764 negotiantes
2016 2660 2232 2738 criminatus
2266 2657 2325 2735 est

431 2772 575 2853 Marius
595 2777 742 2855 Metelli
762 2780 1035 2873 lentitudinem,
1061 2780 1244 2856 trahentis
1265 2779 1399 2855 iamin
1420 2778 1573 2855 tertium
1593 2803 1729 2855 annum
1753 2780 1903 2870 bellum,
1930 2787 1970 2855 et
1989 2779 2196 2855 naturalem
2215 2777 2323 2854 nobi-

433 2893 550 2971 litatis
576 2898 801 2996 superbiam.
819 2894 884 2996 000)
922 2890 1043 2968 Iidem
1065 2908 1183 2973 testes
1205 2898 1432 2994 exstiterunt
1452 2906 1581 2970 contra
1598 2895 1793 2970 Catilinam
1815 2897 2107 2998 repetundarum
2127 2919 2178 2970 ex
2196 2896 2326 2971 Africa

432 3014 673 3111 postulatum,
701 3014 927 3111 eosdemque
947 3012 1146 3105 Gabinius,
1172 3038 1284 3112 quum
1311 3038 1344 3087 a.
1364 3012 1416 3086 54
1434 3012 1728 3113 repetundarum
1755 3024 2004 3103 accusaretur,
2030 3014 2231 3091 acerrimos
2258 3014 2325 3088 ad·

433 3131 622 3233 versarios
646 3130 787 3205 babuit.
806 3129 869 3231 ¹⁰³)
907 3132 1016 3205 Haec
1042 3140 1081 3205 et
1106 3130 1179 3205 alia
1204 3131 1289 3205 eins
1313 3130 1463 3229 generis
1489 3131 1663 3237 exempla
1688 3130 1735 3204 ad
1762 3130 1856 3205 banc
1882 3129 2043 3228 quidem,
2070 3130 2118 3207 de
2144 3156 2217 3230 qua
2242 3156 2324 3231 ago,

433 3256 592 3331 aetatem
613 3272 688 3321 non
710 3248 912 3346 pertinent,
939 3249 1007 3321 sed
1027 3260 1152 3323 tamen
1173 3247 1372 3323 simultatis
1393 3245 1492 3324 inter
1511 3245 1657 3344 equites
1676 3246 1896 3346 nobilesque
1916 3246 2193 3348 prouinciarum
2212 3270 2324 3345 prae-

434 3360 534 3451 sides
562 3386 729 3437 caussam
757 3363 849 3439 satis
875 3366 1076 3440 declarant.
1129 3364 1260 3463 Itaque
1288 3363 1502 3466 praesidem
1526 3362 1580 3437 ita
1605 3361 1770 3456 versari,
1809 3376 1850 3440 ut
1876 3374 1915 3439 et
1938 3363 2148 3465 publicanis
2174 3362 2324 3438 satissa—

434 3487 548 3568 ceret,
573 3480 797 3577 praesertim
819 3480 979 3578 publicis
1001 3481 1097 3554 male
1119 3482 1310 3573 redemtis,
1331 3494 1371 3557 et
1391 3479 1514 3554 socios
1535 3479 1662 3579 perire
1683 3504 1759 3554 non
1779 3480 1933 3574 sineret,
1961 3482 2110 3558 diuinae
2129 3480 2322 3556 cuiusdam

435 3614 534 3695 esse,
560 3605 602 3673 ut
627 3594 680 3671 ait
705 3594 849 3687 Cicero,
875 3594 1025 3669 virtutis
1051 3594 1259 3673 videbatur.
1310 3596 1387 3698 Qui
1412 3596 1446 3671 si
1473 3605 1554 3673 erat
1577 3595 1739 3673 infestus
1765 3596 1985 3696 publicanis,
2010 3622 2086 3673 ιιοιι
2110 3598 2323 3699 modonon

433 3893 473 3962 ,00)
491 3890 556 3946 Νοιι
575 3874 756 3949 commemoro
775 3896 818 3951 bic
837 3896 952 3951 Verrem
969 3876 1082 3967 aliisque
1100 3892 1215 3963 similas,
1241 3894 1292 3953 sed
1309 3895 1346 3953 ad
1377 3896 1382 3971 Ι
1449 3898 1523 3965 δῖνοι
1548 3892 1619 3955 aa&
1643 3896 1761 3973 μετάσχῃ
1787 3894 1833 3952 sal
1857 3904 1909 3953 θεσ
1929 3896 1978 3963 οἷν,
2006 3887 2045 3950 οἷν
2062 3894 2106 3950 tut
2128 3896 2210 3951 ncldr
2221 3898 2325 3973 χρόνον

471 3962 623 4017 universam
649 3966 815 4019 nobilitatem
840 3966 966 4037 pertinidt
988 3962 1055 4021 illud
1072 3967 1280 4037 repetundarum
1299 3969 1348 4022 arl-
1449 3969 1523 4034 ἱνδιῆ
1539 3966 1584 4032 τὴν
1601 3968 1732 4041 ἐπαρχίαν
1757 3960 1838 4023 οὖσαν
1862 3968 1896 4037 ἄῤ
1915 3988 1974 4033 πνοι
1996 3968 2042 4019 καὶ
2063 3967 2168 4019 ἄπαστοι
2192 3969 2328 4040 δυστυχίαι

469 4046 532 4111 men
551 4032 585 4085 cl.
605 4030 700 4087 Drum.
720 4037 752 4101 3,
771 4036 813 4091 86.
831 4038 874 4091 89.
892 4034 984 4091 Etiam
1002 4036 1100 4091 Cicero
1119 4038 1250 4107 Appluun
1268 4053 1348 4107 quem
1449 4043 1580 4104 κατεῖχον,
1598 4036 1907 4093 retransmeant
1920 4038 1971 4093 τῶν
1983 4036 2127 4089 δανειστῶν
2139 4043 2325 4111 πορθουμένην

469 4098 559 4153 mirltis
586 4098 655 4155 locls
682 4111 796 4177 testatur
823 4113 906 4161 totam
930 4104 990 4159 sare
1012 4107 1181 4177 provinclam
1207 4108 1348 4173 avertisse,
1447 4105 1494 4161 καὶ
1518 4106 1787 4181 ἀνδραποδιζομένην,
1812 4110 1970 4176 πιπράσκειν
1993 4107 2051 4179 ἰδία
2075 4106 2126 4176 μὲν
2142 4108 2213 4166 aloda
2231 4111 2324 4181 adaps-

469 4186 550 4241 quum
569 4171 595 4225 is
611 4189 628 4225 a
645 4165 792 4227 Dolabella
809 4185 997 4242 accusaretur,
1015 4192 1070 4247 ope
1088 4193 1138 4229 sna
1154 4175 1268 4239 sdtnvlt,
1286 4177 1349 4245 qula
1448 4178 1521 4240 παῖς,
1547 4179 1698 4247 θυγατέρας
1724 4196 1749 4229 rs
1775 4178 1932 4249 παρθένονς,
1963 4174 2079 4247 δημοσίᾳ
2105 4175 2135 4228 δ’
2158 4177 2323 4249 ἀναθήματα,

467 4238 527 4323 lpse
552 4238 590 4293 illl
613 4256 669 4325 non
687 4242 893 4329 inimicusouat.
930 4246 981 4301 Jus
1000 4254 1090 4301 autem
1108 4246 1194 4329 ipsqm
1214 4253 1241 4297 et
1257 4246 1348 4299 lmine·
1447 4243 1564 4332 yqequ,
1582 4248 1670 4330 tapete
1680 4246 1841 4330 ανδριοίνσαςν
1852 4247 2086 4332 ἀναγκαζομένων·
2105 4246 2193 4304 amate
2210 4267 2237 4301 rs
2254 4248 2324 4305 τέλος

468 4310 1350 4448 tttt‘tttttss‚‘tutat‘ltrtlttfttttt‘tt
1449 4310 2325 4453 tutta⁰{ittttutf'ttttttttta‘ttlttt

468 4456 582 4571 putaret.
602 4450 636 4509 cf.
656 4449 751 4507 Cicero
769 4452 804 4507 sd
823 4454 877 4506 Aa
895 4455 926 4516 b,
950 4455 981 4517 t,
999 4452 1043 4507 20.
1062 4451 1149 4507 Gaelll
1168 4470 1211 4523 ep.
1230 4452 1266 4507 ad
1284 4451 1347 4509 lam.
1414 4446 1425 4462 ⁴
1448 4466 1527 4504 naun.
1555 4466 1578 4505 c.
1598 4446 1656 4505 vu
1956 4450 1966 4465 ⁰

492 4518 543 4581 ,7.
563 4527 589 4573 et
606 4535 765 4589 responsum
783 4521 818 4575 ib.
837 4524 870 4587 2,
890 4523 931 4577 13.
1416 4556 1463 4623 σοι)
1483 4554 1580 4611 venep,
1600 4555 1632 4620 2,
1653 4553 1702 4618 11,
1719 4550 1745 4606 2.

435 4620 482 4689 ¹⁰⁰)
501 4619 574 4674 ΡΜ·
593 4620 697 4673 ῙΜΙΙ·
717 4622 741 4673 ⁷·
918 4700 921 4705 r
1306 4699 1310 4704 .
1415 4659 1463 4726 000)
1481 4657 1649 4711 Decetillna
1666 4656 1804 4710 vultuosi.
1823 4656 1860 4709 ad
1876 4672 1916 4711 ar.
1935 4658 1991 4712 lut
2030 4654 2132 4711 .caud.
2150 4672 2177 4724 p.
2195 4652 2238 4708 st.
2266 4645 2327 4723 0r.,

437 4725 483 4793 ¹⁰¹)
503 4724 537 4777 td.
563 4742 585 4777 c.
606 4722 649 4775 20.
684 4727 844 4783 Acunum
867 4726 897 4779 δὲ
922 4728 1042 4799 τρέπεται
1063 4724 1130 4800 πρᾶο
1154 4726 1199 4785 ruis
1225 4728 1254 4781 tv
1272 4727 1346 4798 Ἀσία
1445 4727 1482 4780 de
1499 4727 1615 4780 Gabtnlo
1632 4726 1773 4779 Drunauu
1792 4726 1892 4794 (lasela.
1911 4726 1996 4782 Roma
2032 4742 2084 4796 ,p.
2104 4724 2148 4777 58.
2168 4739 2226 4793 sqq.

467 4794 562 4857 πόλεις,
580 4792 657 4855 ὅπως.
677 4796 986 4870 consummatores
1001 4796 1280 4867 «possumusne,
1298 4799 1345 4851 aas
1377 4863 1380 4871 ¹
1413 4797 1460 4864 000)
1480 4796 1578 4849 ctoero
1594 4796 1631 4849 ad
1648 4797 1704 4852 aa.
1721 4798 1757 4863 ὅ,
1773 4796 1817 4856 tl.
1989 4822 1994 4831 ·
2282 4811 2287 4824 ¹

2516 924 2523 1015 l
