5092 5650
419 577 590 671 fuerunt,
631 576 757 677 quiin
791 575 968 653 centuriis
1003 602 1149 677 quoqne
1182 586 1329 653 essent
1344 574 1529 675 equitum,
1569 576 1669 675 qnod
1693 574 1779 651 fieri
1809 574 1981 677 potuisse
2014 594 2094 651 non·
2115 603 2233 677 nego,
2271 575 2313 651 hi

417 704 543 768 tamen
570 705 608 770 et
641 696 751 797 pauci
786 704 891 770 erent
917 701 963 788 eti
989 721 1010 769 e
1035 695 1228 770 nobilitate
1256 694 1380 769 alieni.
1431 694 1653 768 Ceterorum
1679 692 1840 792 dignitas
1865 692 1905 767 in
1940 715 2056 768 censu
2080 696 2314 783 versabatur,

418 810 467 885 de
494 834 578 908 quo,
607 822 649 887 ut
673 821 807 916 postea
832 810 917 911 lege
942 811 1098 902 Roscia,
1124 811 1180 884 sic
1204 821 1284 886 tum
1310 810 1491 910 temporis
1518 809 1742 910 Sempronia
1767 809 1852 907 lege
1878 818 2026 883 centum
2051 809 2171 884 fuisse
2198 835 2315 910 eppa·
2404 859 2408 865 -

418 937 496 1019 ret,
523 952 730 1026 quanquam
757 914 872 1018 hunc,
900 927 988 1025 quid
1015 926 1062 1001 de
1090 940 1135 1001 eo
1162 925 1404 1019 constitutum
1429 926 1564 1019 luerit,
1594 924 1751 1000 difficile
1777 925 2013 1000 diiudicatur.
2065 926 2143 1001 Sed
2169 927 2219 1002 de
2243 926 2316 1001 hoe

420 1044 546 1144 paullo
580 1043 678 1117 inira
705 1042 842 1135 diem,
876 1044 938 1118 hic
962 1043 1057 1119 illud
1081 1052 1206 1118 tamen
1231 1042 1435 1118 tenendum
1460 1052 1539 1135 est,
1574 1042 1744 1145 ordinem
1770 1051 2004 1139 equestrem,
2044 1036 2167 1118 ortum
2191 1042 2315 1118 Grac-

423 1160 551 1237 chanis
584 1160 749 1259 legibus,
783 1163 894 1261 plane
921 1159 1114 1235 diversum
1146 1158 1266 1235 hrisse
1301 1186 1323 1234 a
1354 1158 1534 1235 centuriis
1568 1158 1752 1257 equitum,
1787 1157 1996 1257 exquibus
2029 1158 2140 1260 pauci
2170 1168 2339 1266 tantum

421 1277 520 1374 iique
548 1276 638 1368 soli,
672 1278 736 1375 qui
761 1304 843 1353 cnm
869 1277 1081 1353 senatoriis
1097 1277 1267 1379 partibus
1301 1300 1376 1351 non
1401 1282 1530 1350 essent
1554 1274 1762 1367 coniuncti,
1794 1274 1836 1350 in
1859 1274 2023 1349 indicum
2049 1300 2203 1351 numero
2229 1301 2315 1351 esse

366 1392 605 1491 “poterant
656 1394 751 1469 Nem
778 1394 889 1469 etiam
923 1403 1121 1494 postquam
1155 1404 1370 1485 senatores,
1403 1401 1446 1466 ut
1471 1390 1600 1484 docui,
1634 1392 1708 1467 iam
1734 1390 1875 1467 nonin
1900 1391 1947 1467 iis
1984 1391 2162 1467 centuriis
2197 1378 2315 1483 erant,

420 1518 543 1581 tamen
578 1534 646 1584 ene
685 1536 768 1586 cnm
800 1510 993 1585 nobilitate
1027 1509 1091 1585 diu
1125 1510 1393 1601 cohaerebant,
1432 1530 1545 1609 quum
1578 1533 1699 1583 novus
1732 1508 1797 1583 ille
1832 1510 1926 1583 ordo
1962 1517 2138 1606 equester
2169 1508 2315 1585 medius

420 1621 520 1697 inter
552 1626 701 1725 plebem
736 1636 936 1728 patresque
964 1626 1143 1717 oriretur,
1178 1626 1385 1724 tertiaeque
1410 1625 1673 1725 inrepuhlica
1698 1635 1825 1726 partes
1851 1626 1988 1702 herent
2013 1626 2169 1724 equites.
2220 1625 2315 1701 Inde

421 1750 500 1831 est,
538 1744 639 1839 qnod
671 1743 793 1817 Varro
827 1742 918 1817 dicit
952 1731 1051 1843 apud
1084 1743 1247 1817 Nonium
1286 1769 1316 1818 s.
1350 1767 1387 1818 v.
1421 1741 1583 1841 Bicepsr
1625 1739 1870 1817 Gracchus
1909 1751 2080 1817 senatu
2118 1742 2315 1841 iniquus

421 1859 639 1953 equestri
668 1858 827 1937 ordini
861 1858 1043 1934 iudicia
1067 1858 1292 1954 tradidit,
1324 1884 1375 1935 ac
1400 1859 1654 1961 bicipitem
1679 1859 1930 1934 civitatem
1953 1860 2091 1952 lecit,
2125 1859 2315 1937 discor-

420 1972 602 2049 diarum
628 1976 846 2067 civilinm
873 1973 1132 2075 iontem..²⁸)

589 2092 626 2165 4.
667 2093 886 2191 Quanquam
921 2103 1046 2166 autern
1073 2089 1256 2166 Gracchis
1291 2101 1545 2183 successerat,
1579 2101 1622 2166 ut
1647 2117 1734 2184 eos,
1767 2090 1831 2191 qni
1858 2114 1975 2167 censu
2001 2091 2147 2191 equites
2172 2102 2313 2186 essent,

422 2203 522 2279 inter
546 2232 589 2282 se
615 2209 830 2283 coniunctos
857 2234 879 2283 a
903 2208 1098 2283 nobilitate
1126 2207 1398 2299 ahohenarent,
1432 2216 1558 2283 tamen
1582 2207 1623 2282 id
1647 2208 1900 2306 nequiverunt
1925 2209 2098 2302 efficere,
2134 2220 2175 2285 nt
2200 2212 2315 2286 iidem

420 2322 653 2421 plebeiorum
680 2325 797 2424 magis
824 2350 932 2424 quam
958 2325 1126 2425 ipsorum
1152 2350 1307 2399 caussae
1332 2324 1517 2398 faverent.
1568 2324 1663 2399 Num
1690 2325 1854 2423 equites,
1880 2334 1984 2400 tanta
2009 2332 2200 2425 potestate
2225 2328 2314 2401 sub·

421 2437 513 2530 nini,
540 2450 582 2514 ut
608 2441 670 2539 qui
696 2442 794 2516 secta
814 2442 1062 2541 fortunasque
1088 2441 1306 2544 principum:
1325 2441 1507 2517 haberent
1532 2438 1572 2514 in
1597 2460 1721 2533 manu,
1747 2442 1875 2533 exilio,
1902 2442 2039 2533 multis,
2065 2440 2219 2517 infamia
2243 2468 2313 2544 po-

422 2554 652 2631 tentissimos
679 2582 845 2657 quosque
872 2559 1068 2659 punirent,
1102 2558 1379 2658 provinciarum
1404 2556 1599 2657 praesides
1625 2556 1848 2633 iudiciorum
1873 2570 1974 2634 metu
1998 2568 2204 2650 terrerent,
2238 2557 2314 2659 ipsi

422 2670 548 2769 legum
573 2674 648 2747 vim
675 2700 891 2775 poenasque
918 2685 1218 2768 contemnerent,
1236 2675 1286 2775 ²⁹)
1320 2674 1481 2774 primum
1507 2674 1728 2775 interceptis
1761 2675 2008 2775 vectigalibus
2037 2674 2205 2775 peculari
2230 2686 2313 2749 tan·

423 2810 533 2884 quam
565 2786 643 2865 suo*
667 2790 749 2867 iure
782 2792 1068 2893 rempublicam,
1106 2802 1186 2868 turn
1211 2791 1420 2868 insolenter
1444 2802 1483 2867 et
1509 2792 1672 2892 superbe
1697 2801 1828 2866 contra
1860 2802 2054 2867 senatores
2089 2816 2131 2866 se
2165 2816 2312 2890 gerere,

424 2904 584 3004 denique
611 2919 650 2982 et
678 2909 836 3009 pecunia
861 2909 1068 3009 corrumpi,
1103 2920 1161 3001 et,
1194 2919 1391 3010 postquam
1418 2908 1600 2984 fructibus
1626 2908 1685 2981 his
1718 2908 1940 2984 iudiciorum
1967 2917 2232 2999 assuevemnt,
2266 2907 2314 2982 ed

423 3022 754 3098 contemtissimnm
793 3027 967 3122 quodque
1006 3049 1124 3125 genus
1158 3036 1267 3123 atque
1301 3024 1585 3100 iniustissimum
1618 3035 1794 3122 quaestus
1818 3025 2053 3125 procedere,
2071 3021 2121 3124 ³⁰)
2162 3043 2314 3100 accusa·

425 3145 528 3212 tores
562 3142 809 3215 subornantcs
837 3141 1081 3233 adversariis,
1122 3167 1281 3241 eosque,
1319 3167 1413 3241 quos
1442 3141 1588 3241 legibus
1621 3165 1696 3215 non
1723 3152 1915 3242 poterant,
1948 3141 2080 3217 fraude
2107 3139 2314 3216 circumve·

424 3254 582 3328 nientes.
634 3257 803 3332 'l'nmetsi
837 3259 936 3334 enim
963 3259 1095 3334 Cicero
1129 3269 1360 3352 auctorest,
1398 3283 1519 3360 prope
1553 3255 1818 3358 quinquaginta
1851 3283 1967 3334 annos
2000 3257 2196 3334 continuos
2230 3257 2313 3332 sine

432 3451 849 3476 a—-n—.—-

458 3551 512 3606 elio
530 3551 594 3605 ioco
611 3553 654 3622 (c.
673 3553 718 3625 a.)
738 3555 867 3610 observet
886 3555 958 3609 idem
976 3555 1087 3611 Plinius.
1125 3555 1245 3611 Primum
1264 3559 1335 3611 enlm
1435 3563 1535 3620 murm,
1560 3556 1605 3624 qui
1628 3571 1712 3626 saepe
1735 3561 1792 3609 tres
1815 3555 1877 3610 illos
1896 3557 2006 3612 ordines
2024 3556 2126 3612 hebent
2143 3551 2217 3624 (ον.
2236 3553 2310 3612 Fosi,

458 3621 570 3676 Celeres
588 3623 751 3692 appellatos,
771 3624 869 3680 deinde
889 3625 1057 3690 denomines,
1076 3633 1173 3706 postea
1192 3628 1334 3712 trossulos.
1435 3624 1462 3690 2,
1482 3623 1539 3709 1⁶38.
1557 3623 1678 3710 Martini.
1695 3623 1729 3689 8,
1749 3625 1797 3690 15,
1816 3625 1841 3678 2.
1860 3626 1892 3692 6,
1910 3628 1961 3692 50,
1980 3628 2005 3679 7.
2039 3627 2145 3708 Statius
2160 3625 2238 3745 δῶν.
2259 3623 2311 3690 lV,

459 3690 503 3744 De
513 3690 653 3776 celeribus
672 3710 756 3763 supro
767 3693 881 3780 dlctqmr
901 3694 1078 3780 llerumlnnm⁴
1089 3711 1197 3760 nomen,
1209 3697 1245 3749 ob
1258 3713 1334 3765 equis
1438 3693 1462 3758 l,
1480 3693 1523 3779 23.
1550 3691 1681 3777 hinnulum
1694 3692 1728 3751 V.
1747 3703 1816 3780 extr.
1844 3696 1982 3764 duneng
2034 3693 2118 3748 nto.
2138 3709 2191 3777 ru·
2218 3693 2310 3778 erqsd.

458 3760 1336 3904 1311111·11111111111311111111ἓέ11
1404 3761 2110 3904 20¹¹tltlislthliltlit,‘3filit.⁰⁸¹
2129 3770 2311 3816 mmm

425 3898 484 4005 ¹¹h.
504 3901 521 3952 l.
540 3898 585 3965 W,
604 3919 628 3954 e.
650 3905 673 3967 1,
692 3919 719 3986 n:
736 3906 760 3960 1.
1042 3974 1049 3988 ⁹
1404 3907 1440 3972 ²⁰)
1458 3902 1555 3957 Florus
1575 3903 1603 3967 3,
1623 3903 1665 3968 17,
1683 3901 1708 3955 3.
1728 3902 1762 3957 ci.
1781 3904 1861 3959 Verr.
1879 3903 1950 3967 113,
1969 3901 2011 3954 ll.
2048 3901 2138 3953 doleo
2155 3901 2231 3971 (alde
2249 3901 2310 3986 Sul:

448 3967 1336 4112 'titt⁸3,llitlhtlthttt‘hithflixit:
1436 3971 2008 4112 bissulaltttlttttlt
2024 3971 2311 4109 itit-‘teithi

458 4107 603 4192 prioritate
627 4110 654 4162 in
679 4111 869 4194 contumeliam
895 4109 1019 4196 semitm:
1045 4129 1107 4196 mor
1134 4129 1167 4165 eo
1189 4111 1335 4177 debellata,
1436 4111 1524 4196 sanim
1551 4112 1684 4164 ornnhent
1702 4129 1765 4196 eos,
1790 4113 1834 4180 qui
1852 4113 1877 4198 iq
1901 4110 1993 4194 operis
2011 4116 2100 4162 erent:
2125 4126 2310 4193 qoemcqnque

457 4181 853 4303 ttttit‘.„lt:tthti⁰
867 4181 1177 4336 ,tltfflthtjttt
1190 4183 1335 4372 ‘gildi
1434 4177 2310 4334 itt-tit.tttittttlttfflttt‘*tittbittit&

458 4317 721 4458 ttionemn,
742 4319 1334 4457 1111111111,1111101111
1434 4316 2308 4455 {till'ttttt't‘⁹,titiitl‘tlttlettihlttll

457 4453 536 4522 pinne
560 4456 613 4510 hoc
631 4460 739 4511 tertium
760 4475 859 4529 corpus
877 4459 903 4512 in
921 4477 951 4514 re
971 4460 1059 4514 ubllea
1077 4457 1176 4513 lectum
1195 4465 1252 4524 est,
1270 4474 1332 4511 coe·
1432 4457 1610 4512 Retinebatur
1627 4457 1681 4510 hoc
1697 4465 1768 4523 turn,
1790 4458 1885 4510 nescio
1902 4455 2053 4525 quomodo,
2078 4457 2154 4526 qnasi
2176 4455 2309 4508 communi

452 4525 550 4593 pitque
562 4527 640 4586 adiici
653 4531 756 4600 senetui
767 4527 923 4599 populoque
962 4545 1060 4582 omono
1074 4537 1101 4582 et
1116 4537 1242 4598 equester
1252 4529 1332 4582 ordo.
1433 4526 1546 4581 consilio
1564 4529 1599 4581 ab
1617 4527 1668 4580 illis
1685 4527 1836 4598 diligenter,
1856 4535 1893 4592 ut,
1911 4527 1955 4596 qui
1972 4542 2053 4579 unum
2072 4527 2186 4596 equitem
2198 4525 2230 4577 11.
2244 4541 2307 4578 con·

457 4593 520 4650 Quo
545 4594 579 4646 de
605 4612 701 4649 coiisse
724 4605 752 4651 et
776 4615 846 4652 nunc
890 4607 934 4651 ost
977 4597 1086 4668 opolonr
1105 4599 1245 4664 scribitur,
1290 4598 1333 4650 uie
1432 4597 1539 4650 turnella
1553 4595 1661 4669 dignum
1679 4604 1810 4666 putasset,
1827 4595 1862 4649 nh
1875 4597 2112 4650 universoordine
2126 4595 2196 4646 malo
2211 4593 2309 4657 dignus

458 4664 605 4718 novissime
634 4675 747 4736 coeptus
773 4676 815 4721 est
840 4615 927 4720 adlici.
990 4685 1024 4720 oc
1049 4675 1197 4722 artnentum
1223 4613 1331 4735 quidem
1432 4667 1602 4720 indicaretur.
1689 4706 1696 4718 .
1716 4665 1779 4734 quid
1797 4668 1868 4720 enim
1885 4669 1938 4719 ianr
1956 4683 2055 4720 nocere
2072 4671 2195 4736 possunt,
2213 4651 2307 4731 quibus

457 4741 484 4785 et
503 4733 601 4787 nummi
622 4735 761 4801 refellunt,
787 4737 821 4790 de
840 4738 935 4807 quibua
953 4752 979 4789 v.
998 4734 1111 4789 llckliel.
1130 4735 1165 4789 1).
1184 4735 1219 4789 N.
1241 4735 1285 4789 Vl.
1303 4754 1330 4804 p.
1432 4753 1485 4789 non
1504 4735 1566 4789 licet
1582 4735 1721 4788 iudicorel
2118 4760 2128 4776 ·

459 4801 511 4856 lffl
527 4821 552 4869 s,
571 4811 598 4858 et
618 4803 707 4859 Volet.
727 4807 835 4860 l'robns
853 4807 887 4860 de
905 4807 976 4860 notis
989 4804 1021 4858 R.
1042 4821 1120 4872 quem
1139 4805 1155 4857 l.
1174 4805 1229 4859 ilie.
1258 4803 1331 4858 Poe·
1360 4822 1366 4876 q
1397 4806 1435 4875 ω)
1455 4809 1525 4875 App.
1543 4804 1579 4858 B.
1597 4804 1628 4858 G.
1649 4805 1672 4870 l,
1690 4805 1738 4861 11,
