5092 5650
2066 277 2222 415 ses

251 556 353 654 iique
380 567 444 632 aut
469 557 711 638 decurionum
739 571 802 636 aut
828 558 1128 649 duumvirorum,
1163 565 1227 632 aut
1253 557 1578 655 quatuorvirorum
1603 582 1756 634 munere
1783 561 1915 637 aliisve
1949 563 2144 664 magistra.

250 672 352 758 tibus
378 673 515 766 iuncti,
534 676 583 776 26)
620 686 683 753 aut
707 687 949 778 patronorum
975 673 1084 749 titulo
1110 672 1283 749 honorati
1309 684 1416 752 suute
1433 673 1482 774 ²²)
1516 673 1557 750 in
1584 677 1802 776 quibusdam
1827 690 2036 756 mercatura
2061 681 2144 782 opi-

253 791 394 887 busque
427 792 648 868 liorentibus
681 817 757 870 uon
783 792 891 892 pauci
917 793 1000 874 eius
1027 815 1161 866 census
1186 790 1358 866 homiues
1382 791 1646 885 inveniuntur,
1684 802 1725 867 ut
1751 793 1921 870 Gadibus
1948 796 2144 874 Strabonis
2234 793 2237 799 ’

251 917 373 983 aetate
399 907 600 1006 quingenti
629 909 825 1016 4444418)
859 908 923 1007 qui
956 906 1145 1006 equestria
1176 907 1216 982 iu
1249 908 1397 986 theatro
1424 909 1593 985 Romano
1628 936 1732 985 more
1766 911 1969 1004 habebant,
1986 912 2035 1013 21)
2066 936 2147 993 uo!

250 1023 373 1102 ninor
405 1045 583 1102 numerus
616 1035 700 1102 erat
723 1026 882 1102 Patavii.
901 1025 950 1126 ³⁰)
1001 1022 1183 1114 Hi·inter
1215 1050 1258 1100 se
1293 1026 1463 1101 ordinem
1496 1026 1746 1126 collegiumre
1778 1026 2009 1123 efficiebant,
2041 1031 2144 1136 qdod

251 1136 559 1242 quotiescunquaf
578 1153 886 1220 commemoratur
910 1143 950 1218 in
975 1141 1301 1242 inscriptionibus,
1334 1167 1457 1241 neque
1485 1142 1532 1217 de
1558 1142 1846 1243 Augustalibus,
1863 1143 1914 1243 ³¹)
1947 1170 2071 1243 neque
2094 1147 2143 1224 de

251 1257 325 1332 aiio
351 1281 491 1356 genere
516 1257 706 1337 bominum
731 1259 1021 1360 municipalium,
1048 1261 1116 1335 sed
1141 1259 1190 1332 de
1215 1258 1262 1333 iis
1288 1258 1578 1358 intelligendum
1600 1270 1670 1352 est,
1695 1260 1772 1358 qui,
1800 1257 1970 1336 vivetes
1996 1261 2036 1336 iu
2061 1288 2142 1338 mu-

246 1372 413 1473 nicipiis,
439 1360 720 1502 quadringenta,
746 1381 787 1452 ut
812 1377 929 1453 ceteri
948 1375 1106 1476 Equites
1132 1376 1303 1471 Romani,
1329 1375 1635 1477 possiderent.³²)
1672 1376 1805 1475 Neque
1829 1386 1955 1454 tamen
1976 1375 2040 1452 -bis
2065 1387 2143 1457 ter-

253 1737 289 1806 44)
302 1705 418 1790 '000le
435 1751 478 1805 pq.
493 1734 527 1791 R.
552 1727 662 1784 decurio
681 1731 740 1780 erat
756 1717 889 1783 Puteolis.
926 1720 981 1776 Glc.
1000 1737 1041 1791 44.
1053 1719 1154 1778 Coeli

287 1801 456 1876 Oppianicus
480 1819 523 1858 4.
544 1801 576 1856 R.
603 1796 725 1868 ((4014.
748 1811 789 1864 pr.
813 1792 918 1846 Giueut.
938 1792 991 1862 39)
1018 1807 1049 1844 se
1074 1793 1081 1844 i
1103 1807 1162 1844 sum

287 1874 351 1928 iecit
370 1819 613 1933 inimmqiaariui.
648 1867 683 1921 ib.
701 1865 727 1918 8.
760 1863 841 1917 multu
862 1879 896 1914 ue
913 1861 968 1915 alis
985 1810 1111 1930 44444414
1128 1876 1162 1913 44

286 1944 505 2014 inscriptionibus
520 1939 608 1993 aiierrl
628 1941 748 2006 possunt.
785 1931 818 1984 V.
838 1879 924 2018 114411.
943 1948 968 1984 n.
987 1930 1064 1984 3733.
1084 1930 1162 1986 3744.

285 2014 362 2070 3758.
381 2013 459 2069 3777.
478 2010 555 2064 3840.
581 2008 658 2064 3813.
684 2003 761 2063 3890-
787 2001 866 2058 3300.
891 1999 1163 2056 etennensium.

287 2083 365 2139 susti.
383 2081 461 2138 4053.
488 2083 578 2148 Saepe
594 2095 608 2130 e
629 2079 697 2130 uites
712 2091 762 2145 pro
778 2071 927 2141 nuniuptts
940 2070 995 2123 suis
1004 2071 1164 2140 iegatioues

229 2202 236 2214 ,
287 2154 444 2222 4444141444.
481 2149 536 2204 Cic
556 2166 595 2218 pr.
640 2147 708 2199 1444.
726 2147 759 2210 8,
783 2132 827 2195 31.
864 2139 1165 2209 ,,11414444441444444

287 2223 370 2293 plenta
386 2223 503 2275 virorum
521 2219 737 2279 fortissimorum,
755 2210 928 2265 4144444114
946 2219 1004 2262 tota
1014 2207 1094 2263 144114
1112 2209 1165 2262 ire-

289 2294 414 2361 qnntior
439 2290 490 2343 dici
510 2289 603 2358 possit.
640 2285 731 2343 Quam
750 2281 856 2350 quidem
876 2297 945 2334 nunc
970 2279 1165 2337 mirititadiuem

286 2356 401 2428 ¹videtis,
426 2361 545 2424 iudices,
571 2359 596 2410 14
615 2355 741 2424 squalore
759 2357 786 2404 et
804 2352 877 2404 iactu
901 2349 1050 2420 supplicem
1076 2349 1173 2402 vebis·

288 2432 329 2486 lli
354 2439 408 2485 tot
434 2431 573 2499 equites
592 2423 748 2486 Romani,
773 2429 814 2474 tot
832 2421 930 2474 tribuni
948 2419 1046 2472 aerarii
1066 2416 1119 2486 (ei.
1139 2435 1164 2488 p.

229 2501 232 2510 “
288 2503 322 2558 43
347 2519 371 2554 u.
396 2501 448 2568 35)
476 2498 539 2568 quid
564 2494 700 2567 dignitatis
725 2491 806 2544 buius
827 2489 951 2561 petitioni
972 2488 1165 2541 attuleruut‘l“

232 2595 236 2604 ·
289 2571 323 2624 ci.
343 2570 486 2624 CicVerr.
508 2572 531 2632 i,
550 2569 575 2620 3.
602 2569 628 2631 3,
646 2567 671 2630 3,
691 2563 733 2620 ts.
761 2559 788 2625 3,
806 2559 831 2624 3,
850 2559 897 2616 312·
921 2561 1048 2642 448444.
1059 2560 1103 2623 33,
1121 2557 1164 2613 aa.

288 2658 328 2710 pr.
342 2639 446 2692 Ciueut.
465 2637 508 2690 69.
537 2636 572 2688 ad
592 2635 652 2688 iarn.
674 2633 715 2696 13,
736 2629 776 2683 11.
808 2625 914 2684 Postea
931 2644 966 2682 ue
985 2643 1019 2678 rm
1041 2635 1165 2680 eratores

178 2724 185 2736 ·
289 2709 396 2762 (uidem
415 2705 590 2774 municipales
612 2703 729 2756 bonores
747 2698 885 2775 dedignati
904 2701 973 2757 suut.
1035 2713 1129 2765 .quos
1147 2696 1165 2750 i.

321 2779 389 2835 44141
407 2777 465 2831 Atti
487 2778 497 2834 i
519 2792 545 2845 p.
566 2777 651 2830 1744.
949 2808 954 2819 .

255 2876 292 2945 aa)
311 2874 495 2974 Patrqnorum·
510 2868 609 2955 duplex·
628 2883 712 2939 genus
731 2871 782 2949 est,
795 2858 964 2983 ι414434444ἱέ6
983 2860 1038 2982 qqri,
1057 2858 1166 2984 34114ῗὲ.

288 2932 844 3078 111111111111111111111141
861 2930 972 3064 tinient
988 2946 1164 3053 ...ntis

289 3095 389 3145 rorum,
403 3080 506 3148 (ptilurs,
521 3094 669 3147 quanquam
683 3078 750 3128 inter
762 3073 931 3125 Decrrriaaes
945 3087 999 3122 444
1013 3077 1100 3133 44444,
1117 3068 1164 3122 bo·

289 3152 414 3205 44444144
433 3158 522 3202 tamen
541 3150 631 3200 catriae
656 3151 813 3214 patronatus
834 3140 1014 3192 Decor-ionum
1038 3138 1163 3261 sritirugqqr

291 3222 370 3274 datus
389 3227 439 3273 est.
475 3234 501 3270 v.
521 3218 642 3287 Savigut·
669 3216 701 3266 G.
727 3210 900 3263 (11414411.
926 3210 961 3261 im
980 3208 1020 3261 lii.
1044 3212 1054 3263 Ι
1075 3226 1101 3279 4.
1156 3249 1162 3262 .

289 3291 319 3347 14
338 3288 401 3343 4114
420 3288 602 3341 liecariouum
622 3275 730 3337 Ganrrsii
748 3298 791 3349 ap.
803 3278 923 3331 Fabretti
943 3296 967 3347 p.
987 3278 1047 3333 508.
1077 3276 1162 3332 04411.
1229 3304 1234 3313 ·

289 3379 315 3415 u.
333 3359 410 3414 3731.
448 3358 555 3425 triginta
575 3354 679 3425 patroni
702 3370 717 3405 4
735 3352 897 3403 Senatorum
916 3349 1097 3403 Rflmnorum
1113 3362 1166 3405 44.

288 3448 380 3495 mero,
407 3428 461 3480 drro
484 3426 590 3494 petroni
615 3418 728 3493 Equites
746 3418 860 3473 Romani
883 3418 1065 3481 inveniuntur;
1091 3418 1164 3485 equi·

290 3509 401 3569 tesqae,
428 3496 471 3565 qui
491 3504 580 3548 tamen
600 3500 711 3562 propter
729 3490 800 3543 bunc
825 3496 995 3557 patronatum
1020 3505 1073 3541 nou
1096 3486 1162 3556 iudi-

288 3570 367 3623 candi
392 3575 453 3621 4444
479 3582 572 3617 omues
597 3564 623 3616 iu
646 3561 794 3631 manicipiis
812 3552 993 3622 habitavisse,
1016 3556 1100 3609 hbes
1118 3572 1161 3609 4.

289 3638 376 3694 04411.
392 3654 418 3691 u.
433 3637 509 3691 3703.
525 3632 602 3687 3739.
621 3630 697 3687 3768.
715 3631 791 3685 3835.
804 3628 880 3685 3853.
895 3629 972 3685 3858.
990 3628 1066 3683 3888.
1083 3626 1118 3684 38
1154 3666 1161 3681 .

290 3708 365 3762 (1444.
383 3726 409 3777 p.
428 3706 489 3771 480,
506 3704 531 3756 5.
569 3702 642 3755 Doni
661 3718 686 3769 p.
702 3700 797 3757 isan.
815 3698 857 3751 88.

257 3809 293 3876 ³⁶)
312 3802 405 3857 Gades
423 3800 494 3852 euim
519 3796 688 3921 rutiniqqpirrm
714 3799 792 3875 4444..
815 3808 840 3845 v.
859 3792 935 3876 locos
960 3807 1003 3860 sp.
1022 3789 1162 3844 Uiselli.

290 3874 316 3926 d.
337 3874 368 3926 G.
388 3868 509 3932 4113,
548 3871 599 3922 ..1.
627 3904 633 3917 .
670 3863 715 3916 De
734 3860 864 3927 equitibus
883 3860 972 3915 btrab.
991 3859 1007 3913 3
1026 3876 1051 3940 p.
1070 3856 1163 3945 3711.

289 3945 357 3999 linei
375 3944 517 4009 41134444
536 3934 661 4007 4411444414
688 3932 722 3985 (ἓν
740 3932 928 3984 (144141444344
946 3931 1027 3992 ddisse
1047 3948 1098 3992 apr
1115 3930 1162 3991 ἔξω

286 4014 393 4082 Ῥώμης
410 4011 526 4062 πόλεων·
544 4008 641 4072 ἥκουσα
658 4003 725 4074 γοῦν
742 4004 769 4054 is
787 4000 838 4073 μιςῖ
855 4002 905 4053 τῶν
921 4000 982 4051 καθ’
1003 3998 1070 4069 ἡμᾶς
1090 4002 1163 4068 τιμή.
1183 4008 1189 4020 “

288 4100 356 4137 usus
366 4082 550 4134 πεντακοσίους
562 4076 664 4145 ἄνδρας
676 4072 832 4142 stupuimus
845 4068 967 4125 1444414414
977 4068 1162 4131 14414444νού4,

290 4152 366 4206 ὅσους
384 4148 492 4204 οὐδένας
510 4148 570 4199 ouidi
589 4151 641 4199 (414
649 4140 879 4205 ’iruiuouirulriv
896 4139 947 4191 ((14
963 4142 1163 4190 umatum.

48 4208 61 4228 ⁴
156 4298 161 4308 Ι
257 4232 404 4305 11)1)41114
422 4248 465 4351 aqi.
479 4230 580 4283 01444
601 4228 661 4281 iam.
676 4226 717 4292 10,
736 4225 779 4286 33,
797 4224 822 4278 3.
849 4220 978 4292 (Balbus)
997 4219 1076 4287 ludis,
1095 4238 1164 4290 qrsos

290 4300 410 4359 Gadibus
447 4300 516 4361 ecit,
541 4298 705 4353 lierenniuru
731 4294 836 4347 Gallum
862 4288 1033 4356 histrionem,
1059 4307 1164 4343 summo

290 4374 416 4428 ludorum
431 4367 474 4421 (114
488 4368 568 4421 suuis
583 4384 666 4422 sarco
681 4364 842 4419 donatumin
852 4360 915 4415 liiV
925 4376 1030 4445 sqpsum
1039 4360 1164 4415 deduxit.

256 4466 291 4529 ³⁰)
310 4456 411 4513 Strabo
434 4454 452 4506 i.
471 4451 488 4507 Ι.

257 4550 293 4617 ³¹)
311 4545 347 4599 V.
361 4539 511 4612 Eybeuiam
531 4554 554 4588 c.
575 4536 612 4591 13.
632 4554 657 4605 p.
673 4537 748 4590 1107.
776 4528 870 4587 bluitis
887 4530 957 4583 enim
976 4530 1002 4583 iu
1016 4531 1166 4601 municipiis

236 4595 263 4626 ''
290 4625 347 4669 tres
362 4610 473 4664 ordines
488 4605 676 4671 censebuntur,
692 4606 870 4667 Decurioues,
890 4600 1060 4671 Augustales,
1080 4600 1165 4669 plebs.

290 4702 316 4738 v.
336 4680 422 4737 Orelli
447 4696 472 4731 u.
499 4676 575 4731 3939.
600 4674 677 4730 attii.
703 4675 779 4728 3103.
806 4673 882 4727 3807.
908 4670 975 4725 3017
1002 4678 1027 4722 44
1049 4670 1166 4739 saepius.

290 4752 459 4809 Decurioues
479 4760 669 4813 nonnunquam
687 4746 864 4807 Senatorum,
890 4748 919 4793 ut
938 4739 1078 4793 iiuamvirl
1097 4740 1166 4792 Cou-

290 4820 377 4875 suiuur
397 4836 494 4897 uqineu
514 4814 686 4886 usurpabant,
706 4810 769 4882 (04.
788 4830 813 4865 n.
826 4812 896 4865 3119
915 4808 1045 4865 4411413
1062 4824 1089 4881 p.
1104 4809 1165 4878 173)

361 4907 383 4936 0·

1233 4257 1268 4325 aa)
1288 4254 1328 4308 (44
1352 4254 1526 4325 intelligenda
1551 4263 1593 4309 est
1615 4254 1697 4308 14444.
1715 4253 1856 4308 Narbona.
1877 4270 1921 4323 44.
1941 4251 1994 4311 04.
2011 4270 2035 4306 4.
2054 4252 2142 4318 3480,
2228 4272 2239 4293 ·
2309 4281 2317 4299 ·

1262 1719 1314 1804 4441
1342 1719 1512 1842 Augustales
1533 1720 1636 1789 equites
1665 1719 1817 1804 4444114444
1843 1719 1926 1775 141444
1949 1719 2011 1805 ,1444
2042 1721 2142 1779 ideirco

1263 1790 1677 1916 antistamus
1691 1790 2142 1919 4444444444

1263 1930 1418 2052 pominus,
1445 1938 1535 1996 utap.
1583 1879 1783 1985 4411413939.
1825 1931 1858 1983 A.
1883 1931 2040 1986 Antonio
2065 1931 2141 1984 st.

1299 2016 1386 2068 osup.
1405 1997 1598 2070 Pelagiauo
1615 1997 1663 2052 iiii
1681 1999 1768 2053 Viro
1786 2001 1899 2067 equiti
1917 2001 2069 2054 Romano
2088 2017 2143 2054 ra·

1265 2069 1407 2121 41441444
1430 2070 1809 2136 innocentissimoque
1831 2071 1990 2122 curatori
2008 2070 2040 2122 R.
2059 2069 2092 2122 P.
2111 2079 2143 2124 et

1265 2145 1417 2206 patrono
1436 2137 1658 2192 Decurioues
1676 2137 1893 2207 Augustales
1912 2148 1948 2192 44
1965 2138 2066 2208 plebs
2083 2139 2141 2194 Pe·

1250 2205 1462 2261 ·telinorunr.
1498 2207 1598 2276 Neque
1615 2215 1681 2277 puto
1700 2207 1852 2260 sentcntiae
1875 2223 1954 2264 (4444
1970 2207 2081 2261 obstare
2101 2210 2141 2261 iu·

1265 2277 1439 2345 scriptionem
1457 2276 1665 2348 ergduaensem
1683 2293 1726 2345 ap.
1742 2275 1890 2341 (1444431,
1905 2280 1926 2331 1.
1953 2275 2005 2330 Gr.
2024 2295 2049 2329 n.
2063 2277 2142 2344 4030,

1266 2362 1321 2430 qua
1338 2348 1484 2400 memoriae
1502 2347 1632 2412 traditur,
1657 2348 1686 2399 S.
1699 2345 1738 2428 ‘lsi
1758 2346 1842 2428 urium
1861 2345 1991 2412 quendum
2009 2345 2037 2398 iu
2062 2346 2141 2467 leggi-

1267 2423 1342 2468 tione
1368 2417 1403 2470 41)
1428 2416 1560 2470 bonorem
1585 2423 1708 2486 44444444
1752 2412 1906 2467 ontrticatus
1930 2424 2070 2484 acceptam
2114 2431 2141 2469 e·
2186 2472 2190 2479 ,

1266 2485 1341 2538 (11444
1359 2485 1547 2539 decurionibus
1566 2486 1692 2539 denarios
1710 2484 1745 2549 V,
1770 2483 1857 2536 ordini
1881 2486 2015 2552 equestri,
2039 2483 2143 2538 Vivlris
2190 2478 2217 2552 ⁴,
2253 2520 2256 2531 .

1267 2555 1474 2625 Augustalibus,
1500 2573 1535 2609 uc
1553 2554 1713 2610 otistoribus
1737 2554 1847 2607 vinariis
1872 2553 1933 2608 deu.
1958 2555 2010 2620 itt,
2034 2563 2064 2614 et
2084 2571 2145 2607 4444
2190 2559 2234 2624 „'
2259 2608 2268 2627 ,

1267 2623 1347 2676 nibus
1365 2625 1525 2694 corporibus
1569 2626 1667 2696 agdoni
1692 2623 1764 2676 licite
1787 2623 1946 2676 nostratibus
1965 2616 2145 2676 (14444144111

1268 2693 1299 2746 14
1318 2692 1369 2746 144
1388 2696 1458 2748 euim
1476 2703 1542 2765 post
1557 2695 1721 2748 decuriones
1739 2693 1910 2745 nominantur
1928 2695 2050 2762 equitess
2076 2693 2141 2746 alio·
2246 2723 2266 2767 r·
2286 2700 2291 2711 “
2310 2730 2341 2745 ,.

1267 2763 1332 2833 quin
1358 2763 1400 2817 bis
1418 2773 1446 2816 et
1464 2781 1546 2817 ceusu
1565 2773 1591 2817 et
1610 2764 1739 2835 dignitate
1757 2763 1837 2835 louge
1854 2763 2026 2832 4444414444.
2051 2763 2095 2831 (v.
2115 2779 2159 2816 4.·

1263 2832 1310 2888 iti.
1330 2832 1377 2903 37)
1398 2842 1543 2903 tenentque
1559 2832 1744 2905 Augustalium
1762 2833 1860 2887 iocum.
1887 2834 1942 2887 Sed
1961 2842 2027 2904 puto
2045 2834 2071 2886 in
2090 2833 2142 2888 bas
2233 2866 2240 2879 ·

1267 2918 1299 2954 re
1317 2904 1427 2956 muitum
1443 2905 1514 2956 inter
1527 2904 1670 2972 municipia
1683 2902 1845 2957 interfuisse.
1871 2902 1943 2956 Nam
1958 2911 2018 2957 erat
2034 2903 2142 2973 quidem
2193 2949 2196 2960 .
2234 2897 2243 2916 ⁸
2270 2937 2276 2950 ·
2349 2952 2354 2961 .

1267 2971 1443 3027 decuriorurm
1468 2982 1558 3025 444444
1582 2990 1693 3037 444444,
1718 2972 1768 3025 sed
1793 2989 1847 3024 uon
1870 2972 1941 3024 idem
1964 2966 1992 3027 in
2018 2974 2142 3026 omnibus

1266 3042 1432 3110 municipiis;
1451 3043 1664 3112 creabantarque
1678 3042 1837 3095 decuriones
1857 3059 1890 3093 44
1909 3044 1950 3106 114,
1969 3042 2013 3111 qai
2030 3042 2057 3095 14
2076 3058 2142 3110 quo·

1286 3127 1319 3163 ue
1338 3110 1481 3181 municipio
1499 3130 1630 3165 summum
1648 3128 1758 3165 censum
1776 3110 1917 3164 14141444
1945 3110 1995 3163 Ex.
2007 3128 2031 3163 c.
2062 3111 2141 3163 Comi

1266 3127 1430 3235 decuriones
1448 3189 1554 3234 centum
1573 3182 1682 3235 millium
1701 3196 1810 3233 censum
1828 3180 1972 3234 imbcbunt.
1993 3179 2082 3249 Ι(Ρ114.
2096 3198 2140 3249 44.

1265 3245 1310 3314 30,
1332 3253 1384 3319 tu).
1422 3250 1505 3307 Quod
1523 3252 1545 3303 si
1563 3253 1591 3303 in
1609 3250 1660 3303 bac
1679 3251 1789 3303 civitate
1806 3250 1901 3317 4114414
1923 3258 1995 3313 mut,
2015 3250 2059 3316 qui
2078 3268 2141 3317 qua·

1263 3318 1378 3395 4444144
1398 3320 1455 3380 eius
1471 3336 1600 3384 summae,
1617 3321 1634 3372 i.
1645 3337 1669 3372 e.
1681 3335 1790 3372 censum
1808 3328 1960 3385 equestrem
1976 3320 2139 3388 possideret,

1264 3389 1293 3441 ia
1312 3400 1408 3459 magno
1433 3391 1456 3442 is
1478 3406 1539 3443 esse
1556 3388 1661 3442 bonore
1679 3387 1777 3440 debuit.
1816 3387 1918 3441 Contra
1936 3387 2071 3453 Gadibus,
2093 3389 2141 3443 ubi

1249 3517 1256 3529 .
1265 3458 1404 3579 stringenti
1417 3454 1496 3511 basius
1512 3475 1608 3512 census
1622 3458 1744 3511 homiues
1759 3466 1844 3523 eraut,
1863 3457 2024 3512 decuriones
2041 3466 2141 3524 444444,

1305 3529 1462 3582 coniectura
1479 3516 1540 3581 lieri
1559 3535 1650 3649 potest
1667 3545 1684 3579 4
1702 3528 1799 3579 ceteris
1816 3528 1981 3596 (4441414114,
2008 3528 2141 3597 (savigny
2171 3568 2178 3584 .
2217 3521 2226 3538 ”

1263 3597 1317 3654 bl.
1342 3611 1368 3667 p.
1385 3596 1438 3667 (18)
1462 3598 1635 3681 444ῑ44444
1659 3614 1737 3666 qaam
1756 3606 1877 3662 centum,
1899 3606 1973 3650 certe
1994 3598 2141 3719 pauciores

1264 3668 1434 3789 quingentis,
1462 3668 1485 3719 sl
1509 3666 1669 3721 decuriones
1693 3666 1852 3735 legebantur
1875 3684 1890 3719 e
1914 3666 1993 3736 iocup
2006 3666 2142 3733 ettssrmis,

1287 3737 1398 3791 erinon
1418 3738 1519 3806 potuit,
1567 3738 1610 3789 aiu
1629 3738 1709 3789 etiam
1734 3737 1837 3807 equites
1855 3735 1971 3789 Romani
1994 3736 2142 3792 secumdam
2181 3787 2192 3807 ‚
2274 3762 2279 3772 =

1264 3806 1355 3859 14444(
1379 3815 1511 3861 tenerent.
1579 3793 2141 3877 44414444(44444444114414414144444
2242 3822 2245 3829 ·
2301 3811 2306 3824 '

1266 3875 1372 3931 Gallius
1388 3877 1520 3929 maximae
1538 3883 1623 3938 44444,
1642 3873 1708 3929 iliud
1725 3880 1877 3928 mercatura
1893 3872 2017 3940 florebat,
2036 3877 2142 3944 viisque
2194 3910 2200 3919 -

1213 3961 1221 3974 ·
1266 3952 1325 3995 4444
1345 3944 1433 3995 Gallia
1452 3952 1509 3995 tota
1529 3943 1656 4011 italiaque
1676 3944 1845 3995 coniunctum
1864 3952 1939 3995 erat:
1959 3944 1998 3999 lta
2016 3945 2142 4000 accidere

1264 4010 1419 4082 potuit‚’ut
1439 4014 1519 4065 etnim
1538 4012 1662 4083 Largduni
1681 4021 1786 4077 essent,
1812 4012 1857 4079 qai
1875 4014 2009 4069 maiorem
2023 4016 2142 4137 equestri
2247 4024 2253 4033 ’

1260 4080 1541 4204 ’44444444344144440
1568 4082 1725 4151 equitesque
1742 4080 1858 4135 Romani
1881 4082 2028 4137 secundum
2062 4089 2140 4138 oduru

1279 4168 1377 4204 caereo

1266 4326 1293 4377 in
1312 4340 1365 4392 qua
1383 4335 1609 4381 commemoratur
1627 4324 1771 4394 collegium
1788 4325 1888 4377 trium
1907 4322 2142 4391 4441444114-

1268 4412 1446 4451 tuauoram
1465 4412 1483 4447 a
1506 4394 1610 4462 plebe
1635 4394 1713 4464 (1.4.
1732 4409 1786 4446 nou
1804 4393 1907 4448 1144444
1924 4398 2066 4454 44444444(
2091 4392 2141 4445 sed

1268 4482 1285 4515 a
1301 4463 1382 4531 plebe
1399 4462 1627 4531 Narbouueusi,)
1653 4462 1784 4529 triamque
1804 4457 2006 4517 libertinorum:
2032 4459 2143 4516 1114144
2167 4482 2182 4508 a

1268 4532 1338 4585 euim
1356 4532 1400 4583 vei
1419 4531 1570 4599 popalus
1588 4533 1734 4599 opponitur
1751 4529 2012 4592 Decurinribus
2032 4529 2096 4599 (0r.
2116 4550 2142 4587 u.

1268 4601 1345 4653 3704.
1363 4600 1440 4656 utus.
1459 4600 1536 4654 3710.
1555 4600 1632 4654 stas.
1653 4599 1730 4655 3713.
1766 4598 1935 4652 1104144441
1961 4600 2029 4655 dits:
2050 4601 2085 4667 ὼ
2102 4602 2141 4653 iu·

1268 4668 1358 4723 44411.
1377 4686 1421 4738 44.
1440 4668 1622 4723 Callistratum
1642 4666 1744 4738 04444.
1769 4686 1795 4739 p
1813 4670 1862 4732 613
1888 4671 1932 4739 qui
1952 4687 2022 4738 quae
2043 4671 2143 4725 eodem

1267 4736 1330 4791 loco
1355 4737 1390 4790 de
1415 4739 1555 4806 equitibus
1572 4737 1776 4808 municipalibus
1793 4737 1882 4805 addit,
1907 4740 1994 4793 adea
2017 4742 2140 4805 redeunt,
2162 4716 2194 4782 ·⁸'
2229 4775 2246 4806 0
2313 4789 2320 4798 ,

1269 4823 1338 4876 quae
1367 4808 1394 4861 in
1426 4816 1492 4869 4444
1521 4808 1701 4864 enteoedente
1731 4806 1855 4866 44444441.
1904 4808 2007 4881 Longa
2030 4810 2140 4876 (444144,

1686 4898 1723 4965 13
