5092 5650
2038 380 2135 473 bb
2204 372 2216 394 '

223 629 301 716 set,
316 621 365 722 ⁴⁸)
391 621 636 723 plebemque,
668 629 711 698 ut
736 621 894 716 Caesar,
920 623 1085 700 molliter
1110 623 1285 718 baberet,
1299 622 1348 725 ⁴³)
1365 632 1468 724 'erga
1493 631 1688 700 senatores
1714 625 1931 725 equitesque
1956 626 2113 724 prorsus

222 737 294 814 ulia
320 749 430 839 atque
456 738 522 814 ilie
548 739 693 816 ratione
719 750 899 816 uteretur.
951 743 1091 818 Caesar
1116 741 1234 833 enim,
1262 766 1375 840 quum
1400 742 1475 818 iem
1501 752 1586 818 ante
1614 766 1699 817 eum
1724 741 1789 816 diu
1812 734 2027 820 intermissa
2051 766 2115 816 se-

221 867 330 932 natus
356 855 518 934 lectione
544 855 651 932 multi
677 865 716 931 et
741 855 908 940 iffiertini
935 867 974 934 et
999 857 1142 959 indigni
1169 859 1342 934 homines
1368 858 1409 933 in
1434 857 1573 934 curiam
1598 856 1859 959 irrepsissent,
1878 858 1926 959 ⁴⁷)
1960 857 2115 933 tertium
2225 853 2232 866 ’

223 972 383 1051 dictator
408 973 529 1051 samus
557 999 589 1048 a
615 973 677 1066 tt,
712 975 841 1050 multis
868 975 1102 1051 senatoribus
1130 985 1193 1050 aut
1217 975 1376 1050 mortuis
1401 976 1503 1049 bello
1529 982 1601 1065 aut}
1623 999 1710 1052 rure
1737 975 1865 1051 autin
1889 975 2021 1052 castris
2047 977 2115 1050 ad-·

220 1091 472 1168 versariorum
497 1089 726 1184 viventibus,
752 1092 952 1192 equitibus,
979 1088 1150 1184 tribunis,
1177 1091 1471 1184 centurionibus,
1497 1091 1701 1192 praelectis
1713 1089 1762 1192 ⁴⁸)
1788 1101 1899 1192 atque
1925 1093 2019 1167 adeo
2046 1119 2114 1194 pe-

220 1209 382 1312 regrinis
396 1209 446 1306 ⁴⁹)
466 1208 506 1283 iu
529 1219 698 1284 senatum
720 1208 865 1288 allectis
887 1208 1025 1302 effecit,
1054 1219 1094 1286 ut
1115 1233 1293 1286 numerus
1314 1218 1530 1284 senatorum
1550 1209 1597 1283 ud
1618 1220 1827 1309 nongentos
1849 1208 2115 1310 augeretur,⁸⁰)

220 1351 293 1430 quo
316 1327 455 1403 luctum
476 1335 545 1418 est,
566 1335 609 1401 ut
629 1326 712 1426 ipse
734 1326 885 1425 quidem
907 1335 946 1402 et
966 1326 1093 1405 multis
1113 1337 1271 1402 nauatae
1294 1324 1368 1402 sibi
1386 1351 1458 1426 per
1477 1336 1534 1400 tot
1554 1351 1671 1402 annos
1693 1348 1829 1427 operae
1850 1328 2017 1428 praemia
2036 1353 2116 1402 me-

219 1441 291 1520 rita
311 1443 560 1545 persolveret,
584 1452 626 1518 et
650 1442 689 1518 iu
714 1452 909 1544 posterum
935 1469 1093 1544 qnoque,
1119 1469 1190 1544 per
1214 1469 1307 1542 quos
1333 1451 1509 1544 regnaret
1534 1441 1574 1518 in
1600 1453 1742 1535 senatu,
1768 1443 1936 1537 baberet,
1963 1455 2116 1520 senatus

221 1571 346 1637 autem
380 1569 418 1636 et
450 1560 643 1637 veteribus
677 1559 913 1637 senatoribus
949 1569 988 1636 et
1020 1561 1124 1660 plebi
1155 1561 1410 1660 militibusque
1437 1559 1579 1653 derisui
1605 1569 1717 1636 esset.
1736 1559 1786 1662 ³¹)
1837 1561 1894 1636 Ac
1917 1573 2150 1662 postquam⁴

220 1687 261 1754 et
292 1677 473 1755 nobilium
499 1678 603 1754 sires
629 1677 764 1779 fregit,
798 1687 837 1754 et
862 1678 1008 1779 equites
1041 1677 1149 1754 initio
1182 1677 1255 1754 sibi
1289 1677 1508 1754 conciliatos
1534 1675 1719 1769 coercuit,
1751 1677 1946 1776 utriusque
1973 1678 2117 1754 ordinis
2188 1747 2193 1754 .

221 1795 439 1895 dignitatem
481 1805 592 1895 atque
632 1795 814 1874 honorem
855 1797 908 1872 ita
947 1794 1101 1890 minuit,
1142 1805 1185 1874 ut
1224 1794 1460 1872 senatoribus
1500 1820 1549 1870 ne
1589 1794 1844 1872 assurrexerit
1883 1795 2044 1894 quddam.
2065 1790 2116 1896 ω)

255 2095 377 2141 senatum
388 2087 477 2158 coegit
486 2087 627 2158 imperium
640 2087 689 2142 sibi
700 2087 863 2143 coniirmare
874 2087 977 2158 (Spart¹
989 2087 1084 2142 Carne.
1095 2086 1134 2159 3),

257 2174 310 2228 qno
335 2166 442 2242 mortam
457 2155 607 2242 ‘Macrinus
626 2157 720 2212 scribit
744 2158 780 2212 ad
805 2165 943 2214 sanatum:
970 2157 1135 2213 Detulerunt

255 2226 1133 2368 tit⁰tttt”t·;tntt'?⁸,÷‘ttdebilitat,“titiant

256 2368 327 2420 tibus
346 2367 446 2436 placuit
459 2366 588 2438 (Capitol.
601 2381 627 2422 v.
636 2365 725 2420 liner.
736 2385 759 2422 c.
771 2368 809 2437 d).
838 2369 927 2438 Atque
938 2315 1133 2440 Heliogabalus

256 2437 364 2506 quidem
389 2444 499 2490 senatus
524 2434 679 2490 auctoritati
704 2435 874 2508 supersedit,
899 2455 953 2491 non
977 2437 1134 2492 Alexander

255 2507 385 2572 Severius,
405 2505 486 2560 enin
504 2515 599 2561 senatu
618 2507 757 2576 imperinm
776 2505 868 2560 datum
887 2516 929 2560 est
947 2507 1070 2577 (lampr.
1089 2507 1132 2561 ΔΙ.

253 2576 320 2635 Seu.
333 2575 355 2629 l.
369 2571 407 2645 7).
437 2574 519 2628 (iuitis
531 2585 595 2646 post
614 2584 729 2630 mortem
747 2592 807 2633 cum
825 2595 844 2630 a
860 2577 986 2630 militibus
996 2575 1133 2643 ltinximns

255 2643 348 2698 Thrax
370 2646 519 2714 imperator
544 2645 632 2698 iactus
657 2655 746 2712 esset,
771 2655 880 2700 senatus
900 2647 1054 2700 Gordianos
1079 2647 1132 2700 Att-

256 2723 350 2786 gustos
367 2713 526 2837 appellavit,
543 2713 722 2768 Maximinum
742 2723 769 2768 et
787 2716 844 2770 eltis
861 2715 947 2770 illium
960 2716 1054 2770 inostes
1067 2716 1132 2770 iudi·

256 2785 344 2849 cavit,
364 2800 422 2837 ens
439 2783 559 2851 amicos,
578 2783 819 2851 administratores,
838 2786 922 2839 duces
939 2785 1084 2855 interiecit,
1102 2785 1133 2841 li·

212 2909 215 2917 ,
254 2859 389 2925 tenusque
405 2854 441 2908 od
460 2870 555 2911 omues
574 2856 697 2909 civitates
715 2854 809 2910 ltaliae
828 2858 1036 2927 provinciasque
1052 2858 1132 2923 misit,

255 2925 349 2995 quibus
358 2922 523 2979 Maximinus
534 2924 632 2982 dicitnr
641 2925 793 2979 tristissima
805 2926 897 2981 bellua
908 2926 1035 2997 satiusque
1045 2928 1132 2981 omnis

254 3011 272 3047 a
290 2994 433 3081 Gordianis
452 3004 610 3065 expectatur
628 2994 730 3067 (Capit.
743 2994 819 3087 liliis.
839 2996 954 3083 duculi:
982 2996 1133 3051 millarini

254 3062 418 3203 agildbilrlil:
434 3066 559 3188 tlntlilbbn
572 3065 759 3203 ιοξέξωῐῦωᾶι
768 3066 916 3203 'gogpeiqqt
925 3067 1030 3206 ‹llibblf
1039 3066 1133 3191 Alqpptctq

253 3200 356 3255 mendo
375 3204 519 3283 §ammissa
537 3213 589 3270 est,
608 3204 642 3258 ad
659 3204 798 3273 imperium
817 3215 950 3260 vocanrnt
966 3236 1002 3249 -
1020 3206 1077 3261 Sed
1094 3208 1132 3260 in·

255 3272 323 3327 tultu
348 3274 432 3327 vestri
457 3274 647 3328 mustacem
665 3274 752 3327 libens
770 3275 899 3329 sustineo.
935 3274 1063 3329 Vestrum
1081 3284 1132 3340 est,

253 3340 411 3407 aestimare,
432 3340 495 3411 quid
514 3342 611 3397 velitis.
647 3340 719 3398 Nom
738 3358 753 3395 e
774 3360 791 3396 ο
809 3358 893 3411 tneque
911 3342 947 3397 ad
966 3344 1075 3397 senatus
1093 3346 1132 3395 in·

253 3411 353 3465 diciurn
370 3412 489 3467 incertus
508 3420 535 3465 et
552 3414 643 3465 varius
661 3412 736 3466 iiuett
801 3418 818 3444 “
838 3409 916 3483 (Cap.
935 3412 1014 3467 Max.
1031 3412 1058 3466 d.
1078 3410 1133 3481 iti),

253 3478 375 3539 Mortuis
393 3480 554 3547 Gordianis,
580 3490 689 3537 senatus
706 3480 855 3536 ΜιιιιΙιοιιοι
874 3492 902 3536 et
920 3480 1064 3537 Balbinum
1085 3483 1131 3536 lm·

255 3560 396 3622 penatores
415 3551 535 3607 creavit:
559 3552 758 3620 provinciales,
778 3554 884 3607 senatu
902 3550 1133 3623 obtemperantes,

254 3622 366 3675 subistis
379 3622 510 3687 omnibns,
530 3636 598 3689 qanta
611 3622 711 3675 vicunn
728 3622 860 3691 praebere
873 3631 994 3693 possent,
1014 3622 1084 3676 intra
1097 3622 1132 3676 cl·

256 3690 356 3746 vitates
374 3709 405 3746 se
422 3690 603 3761 recipiebant3
623 3692 747 3760 dqniieia
758 3690 909 3747 Maximino
922 3701 1015 3777 portius
1029 3692 1132 3759 clausit,

255 3767 364 3830 umque
389 3761 434 3815 diu
459 3760 564 3815 sortiter
582 3778 612 3815 se
631 3761 766 3827 defendit,
792 3762 855 3817 dnm
874 3762 1007 3820 sedatione
1032 3772 1093 3817 orta
1116 3780 1134 3816 a

255 3828 312 3886 suis
330 3830 455 3885 militibus
463 3828 628 3885 lianirninns
647 3832 816 3885 occideretur
829 3832 878 3900 (id.
888 3831 922 3886 ib.
932 3828 973 3885 tu.
984 3830 1027 3888 nl.
1037 3832 1079 3889 73.
1089 3830 1132 3887 ib.

191 3930 193 3937 ,
257 3898 323 4020 Cap.
340 3900 422 3954 Gord.
443 3909 500 3955 tres
521 3898 573 3971 lii).
611 3901 668 3955 Sub
685 3900 811 3955 Maximo
829 3911 857 3955 et
875 3900 993 3955 Balbino
1012 3900 1132 3955 nonuibii

257 3970 382 4022 trinutum
401 3970 433 4023 irl
451 3970 597 4024 videbatur
614 3972 719 4024 senatui
742 3970 822 4041 (Cap.
841 3968 919 4025 Max.
939 3980 967 4025 et
986 3968 1066 4025 Balb.
1087 3970 1133 4038 13)

258 4044 284 4089 et
302 4046 400 4109 postea
418 4056 525 4109 quoque
543 4048 634 4107 eraut,
663 4042 706 4109 qui
726 4042 761 4095 de
779 4041 887 4110 antiqno
905 4040 1066 4095 anctoritate
1091 4056 1134 4094 se·

257 4106 331 4161 nauti
355 4108 521 4166 restituenda
545 4110 716 4165 wmniuent.
761 4106 834 4165 Naar
862 4124 942 4179 quum
968 4112 1061 4165 occiso
1079 4110 1133 4163 Au·

256 4177 359 4231 reliano
378 4176 474 4233 milites
499 4188 628 4233 userntu
647 4178 846 4250 postulassent,
870 4186 899 4231 nt
917 4181 1068 4249 principem
1086 4177 1133 4233 eii·

255 4256 349 4319 geret,
374 4255 438 4317 post
460 4264 508 4305 sen
534 4262 641 4305 menses
666 4258 776 4303 senatuis
799 4249 920 4309 Tacitum
943 4250 1134 4319 imperatur-ctu

257 4317 374 4401 creavit..
412 4332 439 4369 v·
465 4316 599 4401 quiscns
624 4320 783 4405 durandi).
825 4319 888 4374 Tur.
914 4322 938 4377 7.
983 4318 1045 4379 Quo
1070 4318 1133 4371 ioco

256 4382 809 4528 titt{litlitttttt'tttittti'itt
810 4428 818 4511 t
831 4388 1133 4531 ttttttttttldt:

256 4539 356 4612 ritanus
382 4526 505 4589 emersit;
532 4526 582 4579 sub
602 4528 701 4583 iudicio
726 4536 837 4583 senatus
861 4538 898 4630 οἱ
913 4529 1024 4581 militnm
1048 4544 1134 4599 popu-

255 4594 1134 4734 {bignltbbbbbidmesbbbbadgmmigrltilbsmlaebitltbnluinlssbq,

179 4808 182 4816 Ι
256 4736 329 4803 qnod
354 4733 470 4809 eiigermi
493 4735 623 4807 principis
648 4752 713 4791 etna
735 4737 770 4792 ad
795 4737 917 4793 ordirnem
940 4738 1132 4809 amplissimum

255 4807 428 4874 revertisset,
459 4812 487 4859 ut
515 4815 541 4861 et
567 4804 778 4877 supplicationes
806 4806 1016 4865 decernerentur
1044 4838 1073 4849 -
1104 4817 1132 4861 et

252 4876 422 4933 mitterentur
440 4875 535 4933 literae
552 4876 588 4932 uti
606 4879 772 4951 provincias,
792 4888 820 4934 ut
837 4880 937 4935 seirent
955 4894 1050 4937 omnes
1065 4878 1132 4935 tetii

1235 2083 1660 2212 ildiioes'i‘ibli’deil'
1692 2088 2116 2228 eorundemque

1234 2225 1362 2292 Probus,
1385 2245 1404 2280 a
1420 2226 1548 2281 militibus
1570 2227 1721 2295 imperator
1745 2227 1862 2292 eiectus,
1887 2229 1973 2282 literis
1990 2236 2116 2283 senatum

1234 2297 1358 2366 rogavit,
1378 2303 1407 2348 nt
1425 2313 1525 2350 nomen
1543 2295 1594 2350 sibi
1612 2295 1761 2365 Augustum
1779 2294 1915 2362 deferret,
1934 2313 2002 2366 quas
2021 2296 2115 2350 literas

1234 2366 1355 2420 amavit
1381 2365 1516 2434 Vopiscus
1541 2383 1569 2419 n.
1591 2364 1676 2420 Probi
1701 2364 1742 2419 tn.
1771 2367 1827 2430 tu,
1853 2374 1943 2420 manen
1968 2373 2032 2434 post
2055 2367 2115 2421 ems

1234 2443 1351 2490 mortem
1376 2435 1498 2489 militaris
1524 2435 1646 2506 potentia
1663 2435 1700 2488 ita
1717 2435 1872 2499 convaluit,
1898 2445 1927 2488 nt
1944 2436 2049 2489 senatui
2067 2435 2115 2488 im·

1232 2507 1339 2577 perium
1365 2506 1531 2574 manumque
1557 2507 1599 2558 ios
1627 2505 1758 2575 principis
1787 2503 1868 2574 pinne
1895 2505 2051 2574 eriperetur.
2086 2519 2114 2559 v.

1233 2575 1327 2630 Aurei.
1345 2573 1416 2629 Vict.
1434 2575 1478 2631 37.
1506 2574 1668 2645 Quauqrram
1688 2582 1786 2646 postea
1803 2589 1910 2644 quoqne
1927 2575 1993 2628 iuris
2012 2575 2115 2628 veteris

1207 2671 1209 2678 v
1230 2644 1365 2710 mensoria
1382 2645 1504 2712 aberravit,
1529 2645 1613 2699 veluti
1631 2643 1832 2698 Diocletianum
1874 2659 1963 2712 stoque
1981 2661 1999 2698 a
2016 2653 2113 2698 senatu

1235 2724 1357 2769 creatum
1376 2715 1485 2769 tradunt
1509 2717 1549 2783 (v.
1568 2731 1637 2784 quus
1655 2714 1672 2766 i.
1692 2714 1801 2768 Walter
1817 2712 1852 2767 li.
1896 2755 1903 2766 .
1923 2733 1950 2784 p.
1968 2715 2022 2770 360
2037 2731 2063 2767 ο.
2083 2715 2114 2783 7)

1235 2794 1263 2841 et
1287 2785 1338 2840 sub
1356 2783 1531 2852 'l'heodorico
1550 2785 1630 2840 etiam
1648 2791 1742 2851 erant,
1767 2783 1811 2853 qui
1830 2782 1866 2839 de
1884 2783 2051 2840 restituenda
2071 2799 2114 2840 se·

1233 2864 1314 2911 natos
1329 2854 1454 2911 libertate
1472 2857 1631 2929 cogitarent.

1200 2975 1237 3051 ⁴⁸)
1256 2974 1349 3031 Verba
1367 2973 1506 3030 Ciceronis
1524 2982 1586 3029 snnt
1604 2972 1780 3030 decusare
1796 2972 1915 3040 Pallan,
1934 2969 1984 3028 tib·

1200 3087 1238 3158 ¹⁸)
1256 3085 1321 3141 Tac.
1339 3089 1410 3143 Anu
1430 3088 1453 3155 l,
1471 3088 1515 3141 nt
1551 3086 1586 3141 oi.
1606 3086 1630 3159 i,
1648 3086 1691 3144 70.

1200 3200 1237 3271 ⁴¹)
1255 3193 1316 3255 Dio
1329 3199 1374 3267 tt),
1391 3202 1434 3259 ts.
1452 3198 1497 3254 tlt.

1201 3310 1239 3379 ⁴⁰)
1256 3308 1312 3363 nto
1330 3312 1381 3375 aa,
1406 3309 1451 3364 or.
1481 3308 1566 3365 aaa.
1589 3306 1626 3361 e.
1645 3306 1704 3363 aa.
1729 3304 1772 3359 ne.
1808 3300 1934 3360 annau
1952 3304 2012 3362 sa
2030 3300 2070 3370 s,
2086 3304 2113 3361 a.

1235 3376 1292 3431 Dio
1310 3378 1354 3444 43,
1372 3378 1415 3432 37.
1451 3378 1496 3443 43,
1515 3379 1557 3433 47.
1593 3376 1690 3431 Druna
1708 3378 1725 3433 3
1742 3394 1769 3449 p.
1788 3374 1847 3429 568.
1866 3378 1928 3435 d‘iti.

1201 3488 1238 3559 ⁴⁰)
1256 3490 1334 3545 Suet.
1352 3490 1433 3561 Caes,
1452 3488 1494 3546 tu.
1511 3490 1557 3547 80.

1202 3600 1313 3671 ιο)1)Ιο
1332 3598 1376 3669 43,
1395 3600 1437 3657 47.

1202 3720 1237 3790 ⁸¹)
1256 3720 1313 3775 Cic.
1330 3738 1375 3793 ep.
1392 3720 1428 3775 ud
1447 3720 1509 3775 iant.
1527 3714 1554 3787 d,
1574 3720 1616 3786 ts,
1637 3719 1649 3771 l
1669 3707 1772 3805 scripta
1789 3737 1813 3772 a.
1833 3718 1876 3774 aa.
1910 3714 2026 3785 „Neque
2044 3716 2114 3769 enim

1235 3800 1295 3845 erat
1313 3792 1470 3859 terentium,
1488 3806 1583 3860 quutn,
1601 3791 1646 3858 qui
1664 3790 1747 3844 bodie
1763 3787 1963 3857 nsmsptenam
1983 3787 2114 3851 inicerent,

1234 3862 1260 3915 in
1274 3872 1397 3916 senmurn
1406 3863 1510 3917 Romae
1522 3862 1685 3931 legerentur,
1704 3875 1762 3922 eos,
1781 3858 1825 3925 qui
1837 3856 1982 3925 aitquando
2000 3872 2114 3977 praeco·

1235 3930 1307 3983 ninm
1319 3930 1456 3993 iecissent,
1475 3931 1501 3983 in
1514 3928 1662 3996 municipiis
1680 3926 1843 3980 decuriones
1856 3940 1985 3979 essenon
2012 3924 2113 3977 ’cere“.

1234 3996 1291 4051 iiio
1308 4000 1353 4064 tt,
1370 3998 1413 4055 it).
1443 3996 1662 4053 statuente.
1679 3996 1723 4053 aa
1761 3995 1928 4067 ,Peregrinis
1945 3995 1972 4049 in
1990 4003 2114 4049 senatun
2148 4001 2152 4007 '

1234 4066 1340 4121 allectis
1357 4066 1463 4122 libellus
1482 4066 1639 4136 propositus
1657 4076 1715 4119 est:
1736 4035 1847 4121 lienum
1865 4064 1981 4131 lectiam,
2003 4081 2038 4118 ne
2055 4064 2115 4133 quis

1234 4138 1354 4191 assuri
1372 4152 1447 4192 nono
1464 4136 1567 4190 umam
1584 4143 1739 4189 monstraro
1756 4135 1831 4189 vetit.
1858 4134 1896 4189 Et
1908 4134 1954 4189 tis
1970 4134 2053 4207 reigo
2071 4149 2114 4187 ca-
2322 4200 2335 4211 ἦ

1233 4206 1366 4265 tuebantur

1268 4276 1363 4331 Gallos
1382 4274 1484 4331 Caesar
1502 4274 1529 4329 in
1547 4270 1711 4344 trinmpbnua
1729 4270 1812 4338 deicit,
1832 4272 1904 4328 idern
1921 4274 1951 4330 in
1967 4270 2080 4336 cardam,

1270 4346 1341 4401 Galil
1358 4346 1471 4400 braccas
1489 4344 1674 4416 deposuerunt
1690 4344 1774 4399 latum
1792 4344 1900 4398 clavum
1918 4349 2096 4411 sumpserunt.

1235 4416 1268 4469 ,4.
1287 4419 1323 4473 tu
1347 4416 1457 4471 ditione
1481 4415 1602 4486 praefuit
1627 4414 1657 4468 G.
1677 4412 1797 4468 runcina
1821 4412 1950 4483 l'bango,
1978 4424 2011 4464 ex
2031 4408 2117 4465 milite

1235 4487 1414 4543 nterceusrio
1429 4494 1548 4550 senator,
1565 4484 1669 4549 iactus,
1697 4483 1772 4553 qnod
1789 4481 1878 4537 multis
1902 4483 1961 4538 elus
1985 4482 2115 4554 simtiibns

1235 4556 1291 4609 obtl
1310 4558 1337 4611 it.
1373 4556 1428 4611 iiio
1446 4555 1497 4622 48,
1521 4557 1564 4614 22.
1600 4550 1691 4607 litium
1709 4562 1903 4621 postmortem
1922 4545 2048 4607 caesara
2065 4567 2117 4622 per

1234 4576 1348 4696 paulu
1366 4636 1393 4680 et
1411 4626 1559 4697 praemium
1583 4622 1759 4694 indignant-t
1784 4622 1892 4693 qnidam
1916 4621 2008 4678 allecti
2024 4624 2051 4675 lu
2070 4620 2113 4676 s'e·

1234 4704 1326 4749 nutum
1339 4704 1409 4761 sunt,
1429 4712 1498 4764 quos
1507 4692 1627 4750 Orcinos
1645 4692 1742 4763 vulgus
1755 4694 1880 4748 vocabat.
1907 4696 1984 4753 Suu.
1995 4688 2113 4749 octat.

1233 4771 1392 4841 >lap-risos
1409 4765 1530 4835 appellet
1547 4764 1618 4826 Piut
1637 4781 1664 4818 v.
1682 4765 1746 4815 Ant.
1768 4760 1809 4816 15.

1201 4880 1237 4950 ³²)
1255 4880 1330 4934 Suet.
1350 4876 1429 4932 Caes
1448 4880 1490 4932 ta
1518 4874 1573 4928 Dio
1592 4879 1626 4933 44
1653 4878 1679 4933 8.
1707 4872 1781 4933 ΡΙιιι.
1793 4874 1873 4933 (aas
1890 4873 1936 4931 ut.
1963 4875 2033 4943 App.
2049 4870 2109 4926 liii.
