5092 5650
385 360 426 446 4

389 595 570 689 fructu,
605 604 684 671 out
716 596 838 696 quod
871 594 1151 673 Ferentarii
1191 596 1383 695 equites
1419 598 1467 672 hi
1501 598 1639 689 dicti,
1675 600 1752 696 qui
1786 624 1838 674 eu
1871 599 2003 675 modo
2038 600 2276 675 habebant

392 737 534 803 orma,
569 738 685 811 quse
720 714 990 804 ferrentur,
1025 723 1075 786 nt
1103 711 1327 811 jaculum.
1380 711 1675 812 Hujusmodi
1702 717 1891 811 equites
1917 714 2075 813 pictos
2101 714 2204 789 vidi
2229 716 2277 791 in

391 828 677 928 Aesculapii
713 830 828 903 sede
863 838 1031 903 vetere
1062 840 1109 902 et
1133 830 1453 905 Ferenterios
1480 828 1769 929 adscriptos.
1787 830 1818 930 ⁸)
1870 832 1957 929 Quo
1982 832 2064 906 loco
2091 832 2184 907 nihil
2210 831 2284 906 de·

391 956 629 1021 monstratur.
682 946 774 1021 Sive
802 946 901 1021 euim
927 945 974 1019 de
1000 945 1178 1021 Romanis
1206 946 1393 1044 equitibus
1418 947 1685 1044 intelligendus
1712 956 1789 1037 est,
1823 970 1898 1021 non
1926 960 2069 1023 certum
2095 949 2279 1046 quoddam

393 1086 522 1167 eorum
548 1087 681 1161 genus,
706 1065 774 1138 sed
798 1073 901 1137 totus
928 1062 1115 1159 equitatus
1142 1062 1385 1162 significetur,
1412 1087 1521 1162 quem
1548 1062 1853 1138 Ferentariorum
1880 1062 1969 1137 olim
1994 1064 2112 1139 fuisse
2139 1062 2280 1138 diserte

393 1186 553 1256 testetur
577 1180 777 1274 Polybius,
797 1178 826 1278 9)
853 1177 935 1251 sive
962 1177 1009 1252 de
1035 1179 1236 1278 peregrino
1265 1181 1446 1279 equitatu,
1466 1178 1512 1278 ¹⁰)
1538 1178 1632 1253 nihil
1659 1178 1809 1252 omuino
1836 1180 1986 1254 adrem
2005 1190 2171 1271 nostram
2192 1204 2281 1279 per-

393 1294 500 1369 tinet.
560 1296 736 1387 Accedit,
771 1296 870 1395 quod
903 1294 1073 1394 peditum
1107 1295 1201 1371 illud
1234 1312 1421 1370 armorum
1455 1295 1656 1369 discrimen
1689 1295 1908 1370 diversitate
1942 1319 2077 1370 census
2106 1295 2282 1370 effectum

395 1422 472 1503 est,
499 1414 536 1487 in
564 1412 751 1511 equitibus
778 1421 921 1501 autem,
948 1410 1011 1510 qui
1036 1411 1168 1511 primis
1192 1412 1426 1512 temporibus
1453 1436 1611 1512 genere,
1637 1435 1713 1486 nou
1739 1436 1873 1502 censu,
1898 1412 1987 1485 lecti
2012 1421 2119 1503 sunt,
2153 1422 2282 1511 poste-

394 1526 556 1603 rioribus
583 1538 707 1603 autem
731 1530 942 1602 habuerunt
967 1552 1054 1603 eum
1079 1552 1251 1621 censum,
1286 1528 1351 1626 qui
1377 1528 1519 1629 optimo
1545 1553 1615 1628 par
1639 1537 1742 1603 esset
1766 1552 1953 1603 armorum
1978 1526 2108 1628 generi
2134 1551 2284 1626 compo-

395 1646 535 1737 nendo,
562 1641 746 1742 ejusmodi
767 1644 1002 1719 differentiae
1028 1668 1123 1741 qnae
1146 1670 1277 1718 ceusss
1296 1645 1432 1737 fuerit,
1449 1670 1606 1745 prorsus
1627 1669 1702 1719 non
1723 1654 1937 1743 expetatur.
1989 1645 2140 1732 Contra,
2160 1665 2285 1739 quum,

396 1760 431 1835 si
453 1762 515 1859 qni
536 1786 669 1835 recens
690 1761 730 1834 in
744 1761 942 1836 -civitotem
962 1786 1038 1836 uon
1058 1760 1199 1859 optimo
1215 1758 1304 1859 jure
1325 1760 1471 1861 recepti
1489 1772 1628 1853 essent,
1649 1760 1678 1834 ii
1697 1760 1857 1859 pedites,
1879 1782 1956 1834 non
1977 1758 2122 1858 equites
2137 1758 2285 1851 fierent,

396 1900 493 1975 quae
518 1878 709 1953 Huschhii
734 1878 855 1978 ipsius
881 1878 1066 1953 sententis
1093 1888 1151 1951 est
1176 1904 1213 1977 p.
1241 1876 1310 1968 37,
1336 1902 1412 1951 uon
1438 1902 1547 1952 secus
1573 1889 1683 1975 atque
1710 1877 1750 1950 iu
1776 1874 1948 1967 Graecis,
1973 1874 2127 1966 Italicis,
2154 1878 2287 1949 borbe-

398 1994 451 2069 ris
478 1994 663 2094 gentibus,
692 2006 732 2069 ut
757 2021 830 2069 uno
855 1993 1041 2086 nobilitas,
1068 1994 1123 2068 sic
1148 2017 1263 2068 unum
1289 1994 1455 2091 equitum
1480 2016 1599 2091 genus
1624 1992 1736 2067 etism
1761 1990 1905 2065 Romtm
1928 1991 2080 2065 ridetur
2099 1990 2218 2066 fuisse
2241 1988 2286 2089 ¹¹)

399 2111 592 2208 abeoquo
619 2112 1172 2212 moreuonpriusrecessnm
1202 2120 1279 2201 est,
1312 2134 1422 2207 quom
1456 2107 1618 2182 dirersis
1651 2109 1690 2182 iu
1724 2130 1839 2184 nuum
1873 2106 2080 2181 exercitum
2114 2108 2286 2207 gentibus

401 2223 630 2324 conjunctis,
664 2228 903 2303 mercenariis
930 2227 1213 2329 peregrinisque
1239 2228 1360 2327 copiis
1385 2228 1492 2301 locus
1518 2226 1627 2299 doure
1654 2237 1767 2300 esset.
1827 2224 1939 2324 Quod
1965 2252 1986 2299 a
2013 2224 2172 2299 Graecis
2197 2221 2288 2296 belli

396 2343 714 2441 Peloponnesiaci
729 2354 910 2439 tempore,
932 2344 1145 2418 aRomenis
1158 2368 1233 2419 non
1247 2355 1333 2419 unte
1346 2344 1485 2417 bellum
1498 2342 1685 2417 Punicum
1698 2342 1902 2416 secuudum
1917 2342 2056 2415 sectum
2071 2340 2232 2413 ridetur.
2242 2336 2287 2434 ¹⁹)

403 3143 823 3158 *nn—”-

443 3325 473 3393 ο)
492 3319 623 3379 Huschke
635 3345 665 3448 p.
677 3329 726 3412 hl.
744 3325 806 3412 ‘Es‘
821 3325 872 3398 gab
891 3325 950 3381 also
968 3325 1088 3409 ehemals
1107 3328 1167 3381 eine
1184 3323 1315 3418 lgichtere

494 3396 544 3516 tl
561 3412 624 3518 {tl
638 3397 912 3519 ctttt⁰¹r.t'.‘..¹¹¹tt
924 3397 1316 3536 tlgttthhltt.l.ttthl

493 3549 565 3603 ming
583 3533 755 3604 gebrauchte,
774 3536 828 3588 und
846 3535 890 3588 dle
909 3535 1058 3605 gleichlnlls
1075 3537 1117 3588 ein
1130 3537 1315 3607 verlsssungs·

495 3604 624 3675 mttssiges
643 3602 737 3675 Orgou
753 3604 873 3728 gebildet
891 3602 980 3666 hohen
999 3623 1087 3670 ruoss,
1106 3607 1183 3658 weil
1203 3606 1316 3658 Varro

1469 3319 1650 3392 orchomeni,
1679 3325 1818 3392 Eretriae,
1843 3320 2004 3397 Magnesiae
2039 3324 2075 3379 ad
2108 3321 2290 3380 hinebndrum

1468 3398 1581 3466 aliisque
1598 3398 1626 3449 iu
1645 3397 1756 3450 Graecis
1775 3396 1927 3450 civitatibus
1945 3397 1988 3463 (v.
2007 3395 2148 3450 Wuchsm.
2167 3397 2200 3448 H.
2218 3398 2251 3448 ,4.
2270 3395 2290 3461 l,

1472 3470 1495 3522 l.
1520 3484 1546 3535 p.
1568 3467 1646 3533 155.)
1674 3476 1702 3518 et
1728 3466 1871 3533 postremis
1900 3467 1982 3519 etium
2011 3465 2140 3518 libertatis
2166 3465 2290 3518 Graecae

1471 3531 1634 3619 temporibus
1659 3533 1732 3618 repud
1749 3533 1883 3618 'Achaeos
1906 3535 1985 3602 (htv.
2003 3538 2052 3598 39,
2080 3535 2132 3618 49)
2152 3535 2256 3602 equites
2274 3551 2290 3618 e

495 3675 572 3726 elne
614 3672 747 3727 Derste
769 3675 853 3745 luug
889 3675 1078 3728 derselben
1115 3674 1176 3728 nul
1208 3676 1317 3728 ciuem
1469 3604 2291 3739 prqpqqplqrpncgqqqurqoquqepppiqqq,eqaedn'etrppqvcepppqqq

495 3735 604 3795 Brtd'e
632 3742 701 3798 suh.
904 3775 908 3782 ·
1472 3691 1513 3798 13.
1548 3744 1598 3807 24,
1622 3745 1664 3797 47.
1703 3743 1810 3804 luet.
1846 3744 1896 3808 hb,
1914 3741 2024 3808 d.)sed
2043 3757 2103 3794 curu
2122 3740 2292 3795 nobilissimis

446 3847 475 3914 ⁰)
494 3845 591 3916 Polyb.
621 3845 669 3910 Vl,
693 3849 736 3912 25,
761 3848 784 3902 ³·
832 3847 857 3900 ‘0
883 3847 913 3902 δὲ
937 3845 1120 3918 rodenborch
1142 3848 1195 3902 τῶν
1217 3846 1319 3900 ἱππέων
1371 3859 1375 3866 ·

495 3917 543 3970 νῦν
570 3919 622 3986 μέν
653 3919 705 3970 ἔστι
726 3917 906 3990 παραπλήσιος
930 3920 965 3989 τῷ
989 3920 1040 3972 τῶν
1062 3918 1201 3983 Ἑλλήνων·
1231 3915 1261 3972 νδ
1288 3916 1318 3969 δὲ

495 3987 607 4040 παλαιόν
624 3989 728 4060 πρῶτον
746 3993 795 4056 μὲν
814 3990 939 4060 θῴρακας
958 3987 1010 4038 ov'rr
1028 3987 1108 4055 εἶχον,
1128 3987 1181 4038 ἀλλ’
1200 3988 1229 4040 ἂν
1243 4003 1318 4060 περι-

497 4060 615 4124 ζώμασιν
638 4058 806 4110 ἐκινδύνευον.
846 4055 887 4119 Ἐξ
903 4048 935 4110 οὗ
952 4056 1020 4128 πρὸς
1036 4056 1088 4126 μὲν
1105 4055 1134 4108 τὰ
1151 4058 1319 4122 καταβαίνειν

496 4128 541 4178 καὶ
565 4128 662 4195 ταχέως
688 4121 825 4192 &ennadab
854 4127 896 4178 tul
925 4126 983 4181 roris
1007 4127 1102 4182 ἵππους
1130 4125 1241 4195 ἐννόμως
1265 4125 1318 4177 διέ-

495 4211 580 4248 κειντο
598 4191 642 4248 καὶ
656 4195 814 4270 πρακτικῶς·
829 4195 895 4269 πρὸς
908 4195 937 4248 δὲ
951 4193 997 4250 τὰς
1009 4194 1157 4266 σιψπλνκάς
1171 4195 1320 4264 curreutes

495 4267 637 4394 illins
658 4332 721 4386 urar.
741 4337 765 4388 r.
785 4332 846 4385 vor.
867 4331 915 4387 ur.
936 4351 961 4402 p.
981 4335 1024 4388 or.
1043 4332 1085 4385 eu.
1105 4333 1195 4384 snrw.

449 4435 485 4505 ¹⁰)
503 4435 544 4490 Ut
559 4436 619 4491 Lis.
638 4439 688 4502 43,
714 4439 794 4522 4,.7.
813 4435 848 4488 de
865 4434 993 4489 Lucretio
1017 4444 1144 4526 prqetore
1161 4433 1319 4500 „tabulis

448 4597 451 4608 ¹
499 4505 1320 4696 41413434)ξὶἰὶοῐὲιιοενιηηρνῐὶῗξάἙοίὶιεῖνὲνῗὶῗηῆυνίὶὲῗιέἴ

414 4656 418 4665 ’
499 4652 558 4696 eret
568 4637 669 4696 Terent
680 4657 774 4697 nonno
792 4642 861 4696 levis
874 4646 1015 4712 equitatus.
1051 4645 1141 4698 Strob.
1157 4643 1202 4708 Vl,
1220 4661 1246 4714 p.
1260 4645 1321 4699 280.

501 4707 604 4767 hellen.
623 4709 699 4766 lieet.
719 4715 743 4768 2.
761 4711 857 4782 steph.
876 4712 945 4784 Byr.
964 4733 985 4768 s.
1004 4729 1030 4767 v.
1049 4719 1149 4787 repar.

452 4815 486 4886 Η)
504 4813 569 4871 Nou
594 4813 676 4871 modo
695 4813 839 4884 Chalcide,
864 4817 1025 4884 Lebadeae,
1051 4813 1165 4881 Thebis,
1189 4811 1323 4884 Thespiis,

610 4264 658 4318 dori
680 4265 709 4317 ui
726 4267 823 4335 γυμνοὶ
847 4266 1014 4317 κινδυνεύειν.
1057 4261 1092 4314 cl.
1116 4261 1191 4331 Lips.
1211 4261 1318 4316 demit.
1338 4335 1342 4339 .

1471 3811 1656 3864 Romanorum
1678 3811 1801 3882 gentibus
1819 3810 1952 3864 oillnltnte
1969 3811 2114 3878 coujuuetl.
2149 3807 2229 3878 (Li'v.
2248 3813 2292 3877 23,

1471 3883 1496 3936 2.
1531 3882 1582 3946 23,
1606 3886 1638 3945 4,
1664 3881 1709 3944 7.)
1733 3881 1806 3949 iique
1830 3898 1863 3933 ex
1881 3879 2013 3949 equitibus
2032 3879 2180 3948 Curupnnis
2215 3890 2293 3934 osten

1472 3950 1576 4019 equites
1590 3950 1706 4004 Bouiani
1719 3950 1782 4003 loeti
1795 3957 1864 4016 sunt,
1880 3958 1908 4002 ut
1919 3949 1990 4001 infru
2000 3949 2150 4001 ostendum.
2201 3948 2292 4004 adenr-

1473 4036 1526 4089 que
1547 4019 1703 4074 conditione
1725 4027 1788 4072 strut
1811 4017 1961 4071 Laurentes
1979 4019 2084 4086 equites
2102 4017 2181 4086 (Liv.
2199 4021 2229 4084 8,
2251 4023 2292 4088 ΙΙ,

1475 4089 1536 4157 15.)
1555 4089 1685 4158 juventus
1703 4089 1881 4141 Hernicorum
1900 4088 1979 4156 (Lis.
1997 4089 2029 4151 t»,
2056 4090 2102 4153 13,
2129 4086 2174 4154 7.)
2198 4105 2292 4142 ornnes

1472 4157 1588 4227 deniqne
1605 4160 1672 4211 socii
1691 4159 1806 4227 equites,
1830 4158 1874 4224 qui
1892 4173 1980 4225 neque
1997 4157 2055 4208 sine
2073 4173 2154 4209 servo
2173 4157 2293 4211 militiam

1473 4228 1575 4281 fuciunt
1588 4228 1661 4296 (Ην.
1679 4229 1723 4293 22,
1742 4231 1784 4292 dl,
1806 4229 1858 4294 11.)
1876 4235 1902 4278 et
1920 4227 1946 4278 in
1966 4225 2106 4294 triumphis
2120 4226 2215 4279 eadem
2233 4244 2293 4280 cnm

1410 4327 1413 4333 ·
1474 4297 1606 4366 equitibus
1623 4297 1753 4350 ltoursnls
1771 4297 1843 4349 dono
1860 4297 2003 4364 occipiunt.
2040 4295 2113 4363 (lrlv.
2140 4298 2182 4360 lll,
2200 4297 2249 4360 43,
2269 4298 2292 4350 7,

1473 4367 1520 4431 41,
1540 4369 1571 4432 7,
1589 4369 1615 4422 3.
1649 4369 1698 4428 41,
1718 4369 1749 4421 lb
1769 4367 1849 4432 extr.)
1868 4365 2050 4434 llispanorum
2067 4367 2170 4434 equites
2188 4364 2293 4418 nobiles

1474 4445 1666 4489 commemoret
1683 4435 1743 4493 biv.
1762 4437 1812 4500 40,
1829 4437 1871 4488 dl.

1426 4539 1463 4608 ¹²)
1480 4535 1594 4594 emente
1611 4547 1641 4590 nt
1656 4538 1762 4590 Romae
1777 4537 1882 4606 equites
1900 4546 1980 4590 emt
1995 4535 2048 4590 llos
2061 4536 2225 4605 juventule,
2243 4533 2292 4587 sed

1475 4609 1550 4662 initio
1572 4605 1634 4692 belli
1660 4604 2294 4739 pelgp'1ffi2itgnnug'g‘qui⁸{{,„{t'igi¹,¹}⁰{ss⁸

1477 4678 1697 4800 diffisa&
1719 4693 1790 4798 itiier
1814 4743 1864 4797 hos
1882 4693 2124 4866 scipindid'hicere
2142 4743 2196 4795 ciri
2213 4741 2296 4795 dede·

1477 4816 1534 4869 cori
1552 4823 1617 4869 eret
1654 4830 1680 4867 v.
1699 4813 1805 4867 Bdclrh.
1824 4815 1918 4868 Stuets
1938 4854 1944 4866 .
1963 4813 1982 4866 l.
2000 4831 2028 4882 p.
2045 4814 2104 4867 bel.
