5092 5650
990 1281 995 1290 Ι
1244 1190 1441 1310 βωέῐῆῃιὲ
1466 1197 1502 1293 ’,ζ’
1524 1243 1555 1303 X

1257 1347 1329 1408 llhli
1323 1345 1446 1407 ΝΕΒέ,
1437 1345 1520 1407 lTl'

250 2060 359 2256 Qui
386 2162 433 2238 de
461 2160 648 2262 equitibus
674 2159 853 2236 Romanis
881 2159 1070 2262 copiosius
1097 2159 1368 2250 disseruerunt,
1392 2157 1603 2256 Eybenins,
1630 2155 1736 2258 cujus
1763 2155 1978 2236 dissertatio
1996 2148 2139 2242 inserta

250 2289 309 2355 est
334 2280 502 2356 thesauri
528 2278 802 2378 Sallengeriani
827 2280 909 2353 Vol.
935 2279 967 2352 Ι.
994 2287 1040 2352 et.
1058 2266 1285 2366 Muhlertus,
1318 2273 1425 2374 cujus
1451 2277 1601 2350 libellus
1627 2277 1769 2373 aliquot
1795 2288 1880 2350 anta
1906 2301 2022 2354 annos
2049 2283 2137 2358 Hil-

250 2392 375 2467 desiae
415 2394 575 2495 prodiit,
615 2421 744 2469 eorum
784 2396 879 2470 alter
918 2419 967 2468 ex
1002 2393 1180 2466 analectis
1214 2391 1334 2492 patris
1366 2392 1426 2468 sui
1459 2393 1541 2467 lcti
1575 2393 1759 2491 quondam
1793 2378 1985 2492 Spirensis
2022 2399 2139 2474 multa

249 2509 399 2606 quidem
424 2535 500 2584 non
524 2507 675 2585 indocte
703 2513 859 2586 collecta
884 2509 1060 2612 protulit,
1101 2509 1169 2583 sed
1203 2533 1249 2580 ea
1282 2533 1403 2608 neque
1437 2509 1587 2601 ordine,
1626 2533 1698 2606 quo
1734 2511 1908 2601 decebat,
1948 2511 2138 2610 disposita,

248 2649 370 2724 neque
404 2626 472 2718 iis,
512 2650 606 2724 quae
641 2627 816 2719 deerant,
855 2637 981 2719 aucta3
1021 2627 1116 2700 alter
1150 2649 1271 2722 neque
1307 2635 1480 2724 quantam
1512 2651 1593 2700 rem
1632 2627 1900 2724 aggrederetur
1938 2627 2138 2724 divinasse,

153 2775 161 2785 ·
215 2763 217 2768 '
248 2767 370 2842 neque
404 2742 581 2843 temporis
618 2767 828 2845 operaeque
862 2741 954 2816 satis
988 2740 1218 2843 impendisse
1252 2750 1328 2814 tam
1361 2741 1558 2843 multiplici
1596 2741 1805 2840 quaestioni
1844 2744 2031 2842 putandus
2068 2759 2138 2822 est.

248 2859 364 2951 Mihi,
403 2884 611 2959 quanquam
649 2882 725 2933 non
764 2858 917 2957 ignoro,
958 2857 1047 2959 quid
1088 2859 1158 2932 hac
1200 2858 1438 2957 quaestione,
1482 2886 1576 2957 quae
1616 2856 1814 2960 conjuncta
1846 2870 1906 2936 est
1946 2886 2029 2939 cum
2055 2864 2139 2939 uni-

249 3000 360 3051 versa
390 2976 620 3077 reipublicae
651 2974 843 3051 Romanae
877 2974 1053 3067 historia,
1093 2972 1335 3049 alliciendum
1368 2976 1503 3068 fuerit,
1542 2987 1666 3051 tamen
1700 2999 1746 3050 ea
1778 2976 1974 3075 quominus
2010 2981 2138 3057 effice-
2195 3049 2200 3053 .

248 3117 341 3183 rem,
370 3105 522 3204 praeter
546 3094 604 3169 rei
629 3093 892 3169 difficultatem
918 3091 1108 3167 confilium
1134 3117 1282 3191 quoque
1310 3088 1421 3191 hujus
1447 3091 1565 3166 libelli
1592 3092 1750 3201 obstitit
1809 3094 1909 3166 Sunt
1941 3096 2040 3171 enim
2071 3099 2139 3173 ali-
2257 3146 2279 3162 ·

249 3220 341 3307 quot
374 3210 480 3302 anni,
521 3237 570 3286 ex
604 3235 678 3309 quo
711 3211 759 3283 de
794 3212 907 3283 rebus
933 3210 1114 3310 Augusti,
1154 3234 1247 3307 quae
1285 3219 1421 3309 quanta
1450 3207 1526 3282 sint
1552 3208 1778 3282 obscuritate
1804 3208 1991 3283 involutae
2018 3210 2139 3288 doctis

248 3338 378 3402 notum
404 3336 474 3417 est,
502 3326 758 3425 quaestionem
783 3326 977 3423 suscipere
1010 3325 1130 3424 coepi,
1156 3325 1196 3399 in
1222 3351 1305 3423 qua,
1331 3350 1444 3422 quum
1472 3322 1641 3423 singulae
1667 3333 1794 3424 paffs
1819 3351 1890 3423 per
1912 3350 1955 3397 se
1976 3338 2138 3405 tractan-

250 3442 320 3516 dae
356 3466 399 3517 ac
433 3466 548 3542 saepe
582 3444 629 3517 ad
663 3436 790 3541 priora
822 3450 994 3541 tempora
1019 3441 1251 3516 redeundum
1278 3440 1492 3531 rideretur,
1526 3449 1607 3513 orta
1641 3450 1729 3515 sunt
1763 3436 1911 3530 πᾶῥερνα
1947 3446 2139 3539 quaedam,

249 3557 351 3633 inter
376 3584 469 3656 quae
497 3559 589 3634 haec
614 3570 674 3633 est
703 3560 750 3635 de
778 3558 963 3657 equitibus
993 3554 1171 3631 Romanis
1201 3555 1415 3657 disputatio.
1467 3557 1512 3630 ln
1543 3580 1625 3654 qua,
1659 3556 1812 3654 siquae
1839 3556 2004 3651 brevius,
2031 3586 2140 3657 quam

249 3702 319 3776 par
345 3687 415 3769 est,
442 3686 609 3751 tractata⁴
624 3674 809 3767 invenies,
838 3698 966 3748 eorum
992 3684 1139 3772 partem
1165 3672 1286 3748 atrei
1312 3670 1525 3747 difficultati
1552 3684 1592 3747 et
1617 3674 1753 3747 virium
1779 3695 1945 3748 mearum
1970 3674 2140 3752 imbecil-

250 3794 347 3869 litati
373 3793 548 3885 tribuito,
583 3792 761 3867 nonnulla
787 3790 943 3866 consilio
971 3800 1035 3865 aut
1060 3792 1173 3894 plane
1199 3789 1500 3891 praetermisisse
1527 3799 1592 3865 aut
1617 3789 1681 3868 alii
1707 3787 1918 3886 quaestioni
1941 3790 2140 3894 reliquisse
2222 3826 2238 3839 *

250 3932 311 3983 me
338 3920 537 3985 memento.
596 3906 725 3981 Veluti
760 3930 891 4007 regum
918 3904 1170 3980 Romanorum
1205 3906 1419 3996 historiam,
1454 3928 1563 4004 quam
1596 3905 1663 3979 rix
1697 3906 1842 4005 magnis
1864 3904 1945 4005 jam
1970 3903 2140 3985 viderem

254 4025 506 4101 voluminibus
540 4021 743 4113 contineri,
784 4048 893 4119 quam
928 4022 1151 4099 brevissime
1178 4022 1262 4097 fieri
1288 4020 1431 4123 potuit,
1459 4018 1584 4119 attigi,
1611 4020 1651 4095 in
1675 4022 1814 4097 ceteris
1839 4047 1986 4130 qnoque
2013 4016 2141 4125 conje-

252 4140 367 4213 cturis
394 4139 632 4275 conjecturas
654 4139 832 4240 refellere
859 4140 1070 4237 supersedi.
1109 4140 1317 4215 Nonnullae
1345 4135 1595 4237 quaestiones,
1621 4139 1834 4215 seculorum
1860 4141 2049 4217 erroribus
2071 4144 2141 4217 im-

252 4254 427 4355 plicatas,
461 4258 571 4333 his
560 4257 654 4357 rpsis
681 4257 865 4331 solutast
850 4254 1082 4354 temporibus
1108 4255 1253 4356 reperi,
1290 4255 1330 4330 in
1355 4254 1544 4329 nonnullis
1570 4256 1684 4330 rebus
1708 4255 1915 4351 tritissimis
1943 4260 2143 4336 commixta

211 4454 221 4475 ‚
255 4398 338 4461 cum
365 4372 465 4447 veris
491 4375 589 4451 falsa
611 4370 855 4471 deprehendi.
906 4370 1002 4447 'l'am
1028 4372 1196 4447 breviter
1220 4370 1267 4447 de
1287 4371 1374 4464 illis,
1402 4396 1511 4469 quam
1527 4369 1716 4470 explicate
1739 4373 1788 4446 dc
1804 4374 1863 4447 his
1880 4396 2143 4506 noqmunquam

253 4476 459 4591 {cendum
476 4498 579 4564 ratus
606 4514 699 4581 sum,
726 4488 766 4567 in
793 4512 865 4589 quo
891 4488 1001 4565 doleo
1027 4490 1088 4567 m'e
1116 4488 1279 4562 caruisse
1306 4486 1472 4587 Zumptii
1498 4486 1774 4581 dissertatione,
1800 4514 1907 4589 quae,
1931 4486 1973 4567 in
1997 4473 2143 4569 heode-

253 4605 328 4681 mia
353 4602 457 4703 regia
482 4604 723 4683 Berolinensi
747 4632 870 4707 nuper
894 4608 1003 4699 lecto,
1031 4607 1160 4695 lucem,
1187 4604 1287 4703 quod
1313 4604 1439 4695 sciam,
1465 4626 1540 4679 non
1565 4604 2045 4680 vidit·

1678 4845 1713 4958 1.
