5092 5650
2023 408 2223 493 42.

200 652 460 745 quaereretur.
512 644 619 745 Quae
646 666 709 719 res
735 666 847 742 quum
874 670 994 745 paene
1022 659 1201 724 asenam
1228 645 1473 723 disiunxisset
1498 644 1709 746 equites‚⁰²)
1735 644 1829 723 illud
1855 656 2097 722 senatuscon-

201 764 345 837 sultum
372 786 484 861 aegre
511 762 690 853 serentes,
717 760 885 855 accessit,
912 764 1010 860 quod
1037 764 1179 855 Asiani,
1198 764 1247 865 68)
1273 765 1337 864 qui
1363 764 1411 838 de
1438 762 1656 839 censoribus
1682 767 1949 855 conduxerant,
1976 762 2099 861 questi
2188 832 2192 839 .

199 892 292 955 sunt
317 880 356 955 in
382 890 536 973 senatu,
556 902 613 954 se
640 878 843 978 cupiditate
869 881 1069 979 prolapsos
1103 880 1257 956 nimium
1284 907 1416 982 magno
1444 881 1690 972 conduxisse,
1727 882 2098 982 postulaveruntque,
2155 874 2158 877 ’

197 1007 254 1071 ut·
270 996 517 1073 induceretur
535 994 737 1096 locatio.⁶⁹)
784 995 896 1096 Quod
923 1007 965 1071 ut
992 996 1172 1073 auderent
1198 1000 1403 1099 postulare,
1430 999 1603 1073 Caesaris
1628 998 1794 1098 impulsu
1820 1000 1976 1072 Crassus
2003 996 2099 1069 effe·
2198 1056 2201 1061 .

197 1113 379 1214 cerat‚¹⁰)
406 1137 662 1212 summumque
688 1123 780 1207 erat,
807 1137 875 1204 ne,
902 1112 934 1187 si
961 1112 1056 1188 nihil
1080 1114 1366 1218 impetrassent,
1393 1116 1505 1217 plane
1533 1114 1785 1191 alienarentur
1811 1142 1834 1189 a
1859 1125 2002 1203 senatu,
2028 1138 2097 1212 pe·

195 1232 374 1309 riculum.
434 1231 684 1332 Quamobrem
719 1229 896 1332 princeps
930 1230 1030 1306 inter
1062 1232 1253 1308 adiutores
1288 1259 1435 1327 eorum,
1470 1232 1639 1333 quamvis
1673 1243 1712 1307 et
1743 1230 1930 1306 invidiosa
1962 1246 2025 1304 res
2058 1238 2099 1305 et

198 1348 326 1450 turpis
346 1348 549 1451 postulatio
569 1358 662 1440 erat,
689 1346 822 1422 Cicero
845 1346 1001 1439 exstitit,
1028 1349 1216 1449 multaque
1242 1350 1282 1427 in
1308 1362 1440 1428 senatu
1466 1352 1515 1427 de
1541 1350 1713 1425 ordinum
1739 1349 1918 1449 dignitate
1944 1357 1985 1422 et
2010 1370 2098 1421 con·

198 1466 331 1543 cordia
357 1466 471 1561 dixit,
506 1464 793 1565 conglutinatam
822 1490 843 1541 a
870 1487 911 1540 se
947 1466 1182 1544 concordiam
1212 1469 1384 1545 ordinum
1408 1466 1547 1562 tuitus,
1581 1468 1634 1543 ita
1658 1478 1803 1569 tamon,
1836 1476 2015 1563 utquam
2039 1462 2098 1537 in·

197 1582 312 1659 firma
337 1608 383 1659 ea
408 1596 520 1678 esset,
547 1608 622 1659 non
649 1582 849 1683 ignoraret.
872 1580 919 1682 ²¹)
970 1582 1127 1659 Obstitit
1152 1584 1199 1659 iis
1225 1586 1407 1684 Metellus
1433 1585 1556 1677 Celer,
1583 1584 1646 1658 Gs.
1673 1582 1900 1684 designatus,
1928 1592 1967 1657 et
1993 1581 2099 1672 Cato,

198 1700 267 1800 qui
304 1725 528 1804 responsum
565 1698 614 1775 iis
648 1726 670 1775 a
704 1710 836 1775 senatu
870 1698 951 1776 dari
983 1724 1058 1775 uon
1091 1726 1226 1803 possus
1261 1714 1331 1778 est.
1383 1705 1479 1778 Acta
1510 1727 1573 1779 res
1608 1712 1667 1777 est
1693 1699 1780 1776 Kal.
1806 1696 2099 1775 Decembribust

198 1818 288 1895 Kal.
315 1818 532 1895 Februariis
559 1817 645 1893 anni
671 1818 862 1916 sequentis
890 1817 1022 1893 Cicero
1049 1818 1097 1893 ad
1122 1820 1200 1894 Aa.
1230 1820 1263 1911 1,
1295 1820 1406 1911 lat
1439 1874 1461 1912 „
1471 1820 1600 1913 Unus,
1626 1819 1765 1917 inquit,
1791 1830 1869 1909 est,
1905 1815 1968 1915 qui
1993 1822 2101 1890 curet

197 1936 410 2011 constantia
435 1936 552 2037 magis
579 1944 618 2010 et
642 1934 877 2035 integritate,
904 1959 1031 2033 quam,
1058 1946 1100 2011 ut
1124 1934 1217 2011 mibi
1242 1936 1405 2029 videtur,
1432 1936 1589 2013 consilio
1615 1947 1680 2011 aut
1705 1935 1868 2037 ingenio,
1896 1934 2009 2023 Gato3
2035 1928 2100 2028 qui

200 2052 362 2128 miseros
389 2052 627 2154 publicanos,
662 2077 754 2152 quos
781 2051 912 2126 habuit
936 2051 1210 2127 amantissimos
1236 2053 1315 2147 sui,
1349 2054 1501 2129 tertium
1527 2054 1600 2129 iam
1626 2077 1793 2129 mensem
1817 2057 1977 2143 vexat“,
2010 2072 2101 2123 ean·

200 2170 361 2271 demque
389 2169 610 2245 sententiam
638 2168 872 2245 confirmavit
905 2168 952 2243 de
979 2166 1043 2242 off.
1071 2168 1114 2261 3,
1145 2170 1213 2261 22,
1239 2170 1303 2245 88.
1356 2171 1470 2270 „Ego
1497 2196 1579 2252 cum
1607 2171 1749 2250 Catone
1782 2194 1897 2269 saepe
1925 2162 2099 2243 dissensi.

200 2288 324 2363 Nimis
359 2287 450 2362 mibi
484 2286 697 2387 praefracte
730 2286 930 2361 videbatur
962 2284 1147 2363 aerarium
1181 2288 1453 2387 vectigaliaque
1480 2288 1706 2377 defendere,
1741 2287 1866 2361 omnia
1889 2279 2099 2385 publicanis

197 2426 358 2505 negare,
394 2430 506 2503 quum
532 2404 571 2479 in
597 2405 667 2478 hos
694 2402 855 2478 benefici
885 2429 971 2480 esse
998 2402 1242 2497 deberemus,
1278 2430 1397 2504 eoque
1424 2405 1575 2505 magis,
1594 2403 1694 2501 quod
1720 2400 1786 2477 illa
1811 2401 1983 2477 ordinum
2009 2421 2098 2472 con·

200 2521 344 2598 iunctio
380 2523 426 2596 od
462 2522 620 2597 salutem
652 2520 883 2622 reipublicae
909 2518 1122 2621 pertinebat
1130 2527 1173 2612 ;“
1208 2532 1247 2595 et
1273 2522 1347 2597 alio
1373 2524 1457 2598 loco
1483 2524 1530 2597 ad
1555 2524 1634 2596 An.
1662 2521 1705 2611 2,
1742 2520 1784 2611 l,
1815 2520 1843 2594 2
1875 2543 1951 2593 ιιοιι
1975 2514 2099 2591 minus

200 2664 292 2714 esse
326 2638 417 2713 dicit
449 2638 679 2741 probandam
705 2635 947 2727 medicinam,
982 2660 1076 2735 quae
1104 2648 1211 2713 sanet
1243 2638 1399 2715 vitiosas
1432 2650 1560 2739 partes
1586 2637 1835 2739 reipublicae,
1870 2658 1979 2735 quam
2004 2654 2102 2731 quaa

201 2764 370 2832 exsecet.
421 2755 526 2831 Nihil
551 2752 804 2854 impudentius
832 2753 981 2854 quidem
1016 2778 1101 2830 esse
1135 2755 1344 2857 publicanis
1370 2756 1664 2858 repudiantibus.
1717 2755 1796 2834 Sed
1821 2767 1945 2831 tamen
1980 2747 2098 2827 luisse

200 2873 390 2954 retinendi
418 2873 560 2950 ordinis
587 2896 718 2946 caussa
744 2870 953 2946 faciendam
977 2869 1168 2948 iacturam.
1214 2874 1295 2950 Iam
1322 2887 1401 2950 tum
1426 2874 1636 2949 fremebant
1662 2873 1806 2971 equites
1835 2880 2003 2947 senatum
2028 2866 2100 2942 im-

200 2990 347 3093 pediri,
373 2991 570 3090 quominus
596 2987 656 3080 id,
683 2990 783 3084 quod
808 2988 978 3065 hostibus
1006 2998 1087 3064 erat
1113 2987 1312 3085 tributum,
1339 3015 1561 3091 responsum
1586 2991 1810 3067 redderetur
1835 2987 2034 3088 equitibus.
2051 2982 2099 3082 ²²)

201 3110 329 3210 Quum
368 3119 492 3184 autem
530 3131 600 3206 per
637 3115 758 3182 totum
791 3105 898 3182 illum
931 3131 1067 3183 annum
1100 3107 1331 3208 publicanis,
1370 3109 1540 3208 quamvis
1573 3134 1688 3208 saepe
1721 3104 1937 3209 petentibus
1957 3102 2004 3201 ²³)
2036 3126 2099 3174 re·

200 3248 381 3327 sponsum
408 3223 501 3298 nibil
527 3230 650 3315 esset,
683 3230 760 3296 tum
789 3249 881 3298 vero
906 3225 1018 3323 plane
1045 3249 1068 3299 a
1093 3237 1226 3302 senatu
1252 3225 1397 3325 equites
1425 3226 1576 3303 alienati
1603 3235 1699 3300 sunt.
1753 3221 1849 3316 „Sic
1873 3221 1940 3295 ille
1967 3239 2099 3308 annus,

199 3343 335 3418 Cicero
357 3340 409 3415 ait
435 3339 481 3414 ad
506 3338 582 3414 nrt.
613 3339 646 3430 l,
676 3337 734 3429 18,
761 3337 797 3413 3.
825 3340 898 3414 duo
925 3339 1158 3413 firmamenta
1182 3342 1412 3442 reipublicae
1438 3368 1509 3442 per
1533 3364 1593 3414 me
1620 3363 1733 3414 unum
1760 3338 1962 3413 constituta
1988 3359 2099 3410 ever-

200 3459 268 3552 tit3
306 3481 392 3532 nam
426 3465 466 3532 et
497 3465 651 3530 senatus
688 3455 945 3532 auctoritatem
980 3453 1116 3530 abiecit
1149 3466 1189 3530 et
1223 3458 1395 3532 ordinum
1430 3455 1663 3533 concordiam
1698 3453 1924 3532 disiunxit“.
1975 3452 2099 3548 Atque

203 3577 338 3654 eodem
368 3597 484 3665 anno,
519 3596 632 3671 quum
658 3572 704 3646 L.
731 3571 887 3646 Flavius
923 3581 969 3646 tr.
1004 3572 1056 3673 pl.
1091 3571 1176 3671 lege
1211 3557 1358 3672 agraria
1391 3573 1431 3648 in
1456 3571 1773 3673 Pompeianorum
1806 3572 1965 3648 militum
1997 3591 2100 3643 com-

201 3692 354 3770 modum
387 3691 622 3794 promulgata
654 3683 893 3764 resistentem
928 3687 999 3763 sibi
1028 3713 1111 3764 cum
1139 3689 1380 3789 optimatibus
1405 3691 1602 3766 Metellum
1628 3692 1820 3767 consulem
1846 3690 1886 3765 in
1912 3709 2100 3764 carcerem

202 3808 438 3902 coniecisset,
459 3807 506 3908 Η)
533 3831 645 3907 quum
670 3806 812 3881 nullum
839 3803 924 3897 ἰιιιιι,
952 3802 1075 3878 soluto
1102 3804 1273 3881 ordinum
1300 3807 1510 3900 concordia,
1537 3819 1666 3883 contra
1692 3807 1893 3882 seditiosos
1920 3800 2101 3879 auxilium

201 3935 327 4018 esset,
362 3924 422 4000 bis
455 3923 583 4000 verbis
617 3923 664 3996 ad
689 3913 774 3996 ..tta
802 3919 846 4013 2,
889 3921 929 4013 1,
969 3919 1119 3996 bidem
1154 3934 1380 4024 conquestus
1405 3937 1486 4000 eata
1525 3923 1666 4016 „Nunc
1691 3945 1783 3998 vero
1809 3918 1995 4019 equitatus
2021 3917 2100 4012 ille,

202 4065 315 4140 quem
349 4065 420 4140 ego
452 4039 492 4114 in
526 4039 626 4114 cliro
653 4038 864 4144 Capitolino
899 4049 938 4113 te
971 4037 1154 4137 signifero
1181 4065 1225 4115 sc
1250 4041 1422 4143 principe
1449 4041 1690 4131 collocaram,
1724 4045 1894 4112 senatum
1920 4034 2100 4110 deseruit.

204 4273 242 4342 θ’)
263 4269 319 4324 Glc.
338 4267 373 4321 ad
392 4269 447 4324 dtr.
467 4271 499 4327 l.
519 4271 567 4338 17,
586 4271 611 4324 8.
649 4269 683 4324 ct.
703 4269 738 4323 nd
757 4269 811 4322 Aac.
833 4265 856 4335 l,
878 4265 919 4332 ld,
938 4265 971 4320 dc
996 4265 1121 4354 „Reipu-
1183 4265 1802 4390 11)ιὶι1ε1ιιιοιο11ιιιιιι.3,ιι.20111ι1ᾳ.
1839 4267 1873 4322 ct.
1893 4285 1919 4339 p.
1940 4265 1997 4322 1211.
2027 4263 2098 4335 212·

238 4339 326 4394 bllcae
345 4345 442 4392 statum
458 4339 549 4407 tllum,
578 4357 657 4410 quern
676 4349 704 4392 tu
724 4355 785 4392 meo
804 4337 933 4402 consilio,
959 4353 1010 4408 ego
1029 4339 1121 4392 dlvmo
1215 4339 1258 4394 27.
1277 4339 1330 4393 218
1348 4338 1440 4393 Garat.
1460 4341 1495 4393 ad
1514 4340 1570 4394 Cic.
1589 4357 1630 4409 pr,
1650 4339 1744 4393 Hanc.
1781 4339 1805 4391 d.

239 4409 429 4469 confirmatum
445 4411 579 4478 putabam,
597 4411 641 4480 qul
656 4408 917 4463 bonorumomnlum
934 4408 1122 4462 coniunctione
1182 4438 1219 4506 „)
1239 4433 1294 4490 cqc·
1313 4433 1349 4488 Ν]
1367 4433 1457 4486 ΑΜ
1490 4435 1521 4487 17
1549 4433 1577 4487 9·
1614 4450 1653 4503 pr·
1672 4431 1745 4487 Mur·
1765 4432 1808 4496 30,
1826 4427 1869 4482 62

239 4489 266 4534 et
285 4478 447 4534 ottctorltate
466 4479 620 4533 consodates
638 4479 690 4532 met
715 4477 787 4532 tirus
809 4485 837 4530 et
865 4475 991 4529 lrrndotus
1011 4476 1119 4530 rldeba-
1461 4474 1470 4498 '
1523 4474 1532 4546 ζ

240 4558 292 4614 tur,
311 4549 362 4602 nlsi
382 4547 425 4615 qul
445 4563 494 4598 nos
513 4545 579 4600 deus
598 4550 760 4618 respexerit,
780 4546 901 4616 elapsum
920 4546 988 4598 scito
1008 4561 1070 4600 esse
1085 4546 1121 4599 de
1184 4531 1218 4598 ²⁰)
1237 4529 1273 4580 Μ’
1292 4528 1320 4580 st
1356 4526 1390 4579 Cf·
1409 4527 1504 4581 ΒΜ·
1522 4529 1550 4592 ‹l›
1570 4526 1628 4580 ¹⁹5·

239 4619 359 4673 monibus
379 4632 432 4668 nno
450 4613 504 4667 boc
521 4615 653 4684 ludlclo“,
671 4615 706 4670 ad
726 4620 779 4670 ,nn
801 4616 829 4682 l,
850 4615 892 4679 la,
911 4614 946 4666 dr
971 4614 1051 4678 „Sed
1071 4631 1120 4682 po·
1183 4625 1218 4692 ιι)
1238 4617 1293 4676 cle.
1312 4619 1330 4686 t,
1349 4620 1381 4672 1,·

240 4697 377 4758 steuquam
404 4686 516 4770 prlprum
537 4681 624 4737 Clodll
650 4686 821 4740 absolutione
847 4685 984 4784 legitatem
1010 4683 1119 4736 lnlirmi·
1184 4717 1218 4784 ²²)
1238 4713 1294 4767 Cic·
1313 4730 1354 4782 pt·
1374 4709 1467 4766 mm·
1488 4713 1529 4767 Η.

240 4754 1120 4893 ιιιιιιιιιιιιιιιιιιῑιιιιι,ξἰιιιιιιιιιι,ιιι
1175 4804 1217 4870 ³³>
1239 4801 1300 4853 n..
1319 4798 1363 4862 a,
1383 4797 1407 4851 ⁷.

239 4913 291 4952 uon
311 4894 533 4950 divellerentur‘.
555 4921 581 4932 -
606 4891 667 4944 rell.
916 4917 920 4923 -
1183 4889 1217 4957 Ι1)
1238 4885 1332 4940 Dmra.
1351 4885 1378 4950 1,
1400 4901 1426 4954 p.
1444 4881 1505 4935 aba

2119 4519 2130 4558 t
