5092 5650
394 352 473 439 42

397 586 459 686 qui
485 586 629 662 iudices
663 605 772 679 quum
808 580 914 657 initio
951 607 1080 657 omnes
1106 584 1263 657 tabelias
1290 580 1329 657 in
1355 604 1467 655 unam
1493 575 1623 654 cistam
1651 574 1920 669 coniecissent,
1958 573 2158 676 postea'id
2185 596 2218 648 a.
2243 571 2297 647 33

396 707 481 805 lega
500 704 610 779 Fufia
623 699 671 799 31)
698 708 877 773 mutatum
900 709 970 791 cst,
996 724 1045 773 ex
1066 724 1137 797 qua
1164 699 1321 799 singuiis
1348 698 1486 797 singuli
1512 697 1663 771 ordines
1691 694 1796 769 cistis
1823 693 2030 768 sententias
2056 689 2295 789 terebantv)

397 823 482 898 Non
509 820 631 894 minus
657 819 726 890 hos
760 808 905 891 iudices
932 840 1042 913 qnam
1068 816 1244 890 Sullanos
1271 817 1427 891 venales
1453 814 1593 905 fuisse,
1625 837 1675 887 nc
1700 813 1817 886 multa
1842 810 2017 901 afferam,
2045 820 2086 885 et
2111 808 2295 884 Catilinae

397 946 635 1035 etquattuor
661 956 778 1007 annos
804 940 892 1033 post
918 931 1041 1006 Clodii
1068 956 1200 1007 caussa
1226 931 1371 1025 docuit,
1398 954 1558 1031 quorum
1583 930 1649 1004 ille
1675 952 1788 1027 quum
1814 954 1846 1001 a.
1873 926 1924 1003 115
1951 952 1973 1002 a
1998 926 2044 1001 P.
2072 926 2205 1002 Clodio
2231 950 2295 1001 re-

398 1052 645 1155 petundarum
672 1074 722 1125 ax
741 1050 872 1124 Africa
898 1060 1091 1125 accusatus
1119 1060 1233 1141 esset,
1260 1046 1496 1149 corruptis'a
1515 1047 1680 1122 Lentulo
1706 1046 1805 1121 Sura
1828 1045 2014 1121 iudicibus
2027 1045 2076 1145 ³⁸)
2103 1044 2297 1119 absolutus

398 1183 476 1247 est:
492 1170 543 1270 39)
575 1170 614 1244 in
640 1167 750 1242 huius
777 1192 910 1242 caussa
934 1191 1133 1241 consessus
1160 1166 1250 1257 suit,
1286 1177 1328 1242 ut
1353 1167 1487 1241 cicero
1515 1163 1624 1256 dicit,
1658 1163 1933 1239 maculosorum
1958 1172 2192 1254 senatorum,
2225 1185 2296 1238 nu-

398 1292 531 1365 dorum
559 1284 742 1384 equitum,
769 1282 1022 1375 tribunorum,
1048 1306 1124 1358 non
1145 1294 1221 1357 tam
1248 1296 1477 1375 aeratorurn,
1503 1306 1631 1379 qnam,
1658 1291 1701 1357 ut
1726 1282 1975 1381 appellantur,
2001 1277 2296 1380 aerariorum.⁴')

400 1408 542 1480 Verum
568 1402 703 1478 effecta
729 1402 798 1475 hac
819 1401 904 1500 lege
927 1402 1085 1475 duorum
1108 1400 1147 1475 in
1173 1400 1381 1502 reipublica
1406 1398 1752 1499 potentissimorum
1769 1398 1951 1473 ‘ordinum
1972 1406 2056 1473 erat
2074 1395 2298 1487 coniunctio,

400 1525 440 1599 in
473 1544 590 1618 eaque
624 1543 807 1595 summum
842 1519 952 1593 huius
986 1515 1083 1616 legis
1109 1528 1336 1593 momontum
1364 1542 1450 1591 esse
1483 1515 1531 1591 iis
1558 1515 1804 1615 scriptoribus
1837 1528 1941 1591 recte
1973 1514 2098 1590 visum
2124 1523 2202 1605 est,
2235 1512 2300 1613 qui
2367 1500 2372 1508 ’

406 1639 543 1713 omissa
577 1624 811 1711 tribunorum
837 1633 1026 1710 mentione
1054 1658 1136 1709 cum
1165 1633 1352 1733 equitibus
1386 1635 1470 1709 hac·
1488 1634 1573 1734 lege
1607 1634 1731 1709 denuo
1759 1634 2028 1709 communicata
2052 1658 2138 1709 esse
2164 1632 2301 1710 iudicia

437 1890 517 1943 tertia
535 1886 692 1957 Madvigius
708 1887 738 1939 in
766 1886 831 1940 diss.
851 1884 886 1938 tie
903 1882 1016 1939 tribunis
1039 1884 1163 1939 aerariis.
1200 1885 1324 1941 Hermiae

441 1958 516 2013 1338.
553 1956 669 2009 Tribuni
681 1958 780 2010 aerarii
805 1956 925 2031 ordinem
947 1952 1112 2009 efficiebant.
1151 1956 1268 2023 (Ascon.
1288 1956 1325 2009 ad

439 2046 480 2081 or.
504 2024 589 2093 ‚Corn
616 2042 641 2095 p.
667 2025 701 2078 67
720 2024 771 2079 Or.
808 2024 1010 2079 Pseudo-Sall.
1038 2025 1073 2078 de
1093 2026 1153 2079 ord.
1173 2043 1231 2093 rep.
1251 2044 1274 2078 c.
1294 2026 1323 2096 3)

439 2104 573 2219 abitt
590 2094 867 2219 1111111131
886 2095 948 2218 i⁵i
976 2094 1072 2218 ⁰¹¹1⁰i¹0
1080 2094 1272 2218 ”t'ffltilt
1280 2113 1324 2218 ‘'i'

438 2204 592 2300 aerarii,
620 2236 735 2303 denique
755 2183 991 2289 Pseudo-Ascani)
1012 2235 1048 2287 ad
1068 2182 1148 2287 Veia
1169 2235 1198 2299 l,
1224 2234 1271 2301 13,
1290 2236 1325 2288 at

440 2306 575 2370 scribunt,
601 2304 725 2359 homines
751 2305 883 2374 quosdam
909 2304 960 2357 bos
979 2304 1076 2369 faisse,
1100 2305 1144 2373 qai
1163 2303 1326 2375 stipendium

439 2375 517 2429 miilti
535 2374 728 2447 dissolverent,
748 2384 775 2429 et
794 2376 935 2444 pecuniam
949 2373 1084 2466 publicam
1096 2374 1185 2441 aliqua
1200 2392 1232 2428 ex
1247 2382 1327 2446 parte

440 2454 606 2509 tractarent,
632 2444 714 2499 idad
733 2444 801 2509 hos,
827 2445 923 2513 quibua
943 2446 1024 2497 botta
1042 2444 1202 2497 iudiciorum
1221 2454 1326 2513 partem

442 2514 562 2579 tradidit,
581 2516 720 2583 pertinere
738 2531 792 2567 non
811 2530 906 2583 posse,
925 2514 977 2567 iam
996 2521 1059 2566 ante
1076 2512 1247 2584 Madvigium
1266 2513 1327 2584 pa

440 2591 569 2707 agcbmoe
592 2584 846 2706 ‘laemifflffiverii’
872 2598 952 2705 quqm
970 2583 1016 2636 ille
1029 2582 1170 2705 'negicplia
1190 2583 1327 2637 Ferratias

441 2670 612 2805 bertirigbat,
627 2692 728 2789 ’neque
747 2669 915 2775 tribunaoniurii
941 2668 1144 2791 iiiiiiimnabc
1163 2664 1328 2777 1111111111ἓὲ

441 2806 573 2862 pecuniae
592 2807 678 2860 opera
692 2800 928 2858 commemoratur,
948 2801 975 2846 et
992 2793 1166 2863 magistratus
1183 2793 1271 2847 amnis
1288 2793 1326 2846 iu·

443 2861 551 2916 dictant
576 2861 748 2932 vacationem
773 2861 917 2916 habebant.
954 2862 1080 2930 Denique
1104 2879 1139 2915 er
1162 2863 1223 2932 lege
1246 2863 1327 2915 Porn-

443 2931 521 3054 pieia,
541 2929 576 2983 dc
595 2946 647 3051 q'qa
659 2929 735 3012 'inira
753 2931 855 2995 dimin,
875 2931 973 2983 tribuni
991 2933 1105 3052 ffiirii'
1129 2941 1271 3055 utbprpues
1289 2948 1329 3054 ig!

472 3017 528 3064 cea,
547 3015 589 3052 am
630 3015 712 3052 senno
731 3015 765 3052 ex
788 3017 871 3054 censu
888 3017 923 3053 ex
942 3017 991 3052 cen
1047 3017 1070 3054 re
1132 3019 1148 3054 e
1186 3013 1266 3054 nur:

443 3079 546 3124 certum
566 3016 688 3122 oidinem
708 3071 790 3140 censu
808 3069 843 3122 ab
868 3069 980 3137 reliquis
1006 3018 1160 3138 separaiirm
1178 3071 1263 3124 inisse
1281 3070 1329 3123 tri·

442 3139 530 3194 bunos
549 3140 681 3204 aerarios,
702 3138 786 3192 tribus
803 3139 871 3192 locis
887 3139 970 3191 docet
981 3137 1089 3203 Cicero,
1108 3138 1167 3193 Cat.
1178 3139 1225 3205 ii',
1241 3141 1267 3206 7,
1287 3139 1329 3204 15,

443 3210 533 3262 ubila
552 3209 754 3264 enumeratione
773 3209 896 3262 ordinum
915 3208 1049 3276 equitibus
1059 3207 1189 3264 Romanis
1205 3211 1331 3278 proxime

444 3278 549 3329 subiicit
568 3279 689 3330 tribanos
702 3279 839 3342 aerarios3
859 3295 909 3348 pro
923 3277 1014 3333 Rabir.
1032 3277 1113 3345 1137,
1132 3278 1177 3333 ubi
1196 3278 1331 3346 ‚3ttatd,

445 3347 546 3413 inquit,
571 3345 611 3398 de
635 3347 710 3400 iliis
734 3347 1004 3402 honestissimis
1028 3349 1119 3402 viris
1143 3358 1253 3417 atque·
1270 3367 1329 3418 ap·

1417 1899 1476 1939 rum
1495 1900 1563 1937 urna
1575 1880 1725 1950 damnaret,
1744 1885 1865 1953 equitum
1882 1893 1910 1938 et
1927 1884 2094 1939 tribunonrm
2109 1884 2297 1939 absolveret“.

1419 1954 1452 2007 ci.
1473 1952 1507 2007 de
1526 1970 1623 2007 caussa
1641 1956 1705 2007 Sex.
1726 1953 1829 2020 Clodii,
1852 1964 1914 2008 acta
1931 1972 1956 2008 a.
1975 1955 2020 2020 55,
2039 1954 2093 2007 Cic.
2113 1954 2149 2008 ad
2169 1954 2197 2013 Q
2223 1954 2300 2009 fratr.

1417 2023 1534 2090 atto.
1563 2024 1889 2079 Senatorumenim
1908 2024 2301 2095 urnacopioseabsoi·
2355 2072 2358 2075 ,

1418 2094 1484 2159 vit,
1504 2094 1656 2162 equitum
1674 2094 1902 2163 adaequavit,
1922 2095 2053 2149 tribuni
2069 2095 2202 2149 aerarii
2220 2110 2301 2147 con·

1419 2164 1646 2227 dernnarunt;
1683 2164 1718 2217 de
1744 2166 1840 2218 Scauri
1868 2182 1979 2231 caussa,
2007 2174 2068 2218 acta
2095 2165 2193 2218 eodem
2220 2180 2301 2229 anno,

1419 2234 1520 2287 Ascora
1548 2251 1575 2301 p.
1603 2232 1639 2287 30
1665 2230 1717 2289 Or.
1772 2236 1980 2288 Sententiae
2007 2235 2173 2288 tulerant
2201 2250 2303 2287 sena·

1420 2311 1520 2362 tores
1538 2303 1605 2355 dua
1624 2312 1657 2357 et
1674 2302 1910 2373 XX,-equites
1928 2314 2002 2358 tres
2021 2312 2055 2359 et
2073 2304 2142 2370 XX,
2169 2303 2302 2358 tribuni

1420 2374 1559 2427 aerarii
1583 2371 1672 2437 XXV,
1697 2390 1737 2426 ex
1787 2376 1886 2427 uibus
1912 2374 2175 2429 damnaverunt
2199 2390 2302 2426 sena·

1420 2452 1523 2496 tores
1542 2441 1589 2509 lV,
1608 2444 1749 2511 equites
1762 2392 1807 2509 11,
1825 2442 1960 2497 tribuni
1980 2442 2011 2497 11.
2039 2444 2094 2499 cte.
2113 2445 2150 2496 nd
2168 2443 2201 2501 Q·
2222 2440 2301 2508 Μ,

1423 2512 1466 2577 16,
1485 2512 1502 2567 3
1521 2514 1567 2581 (ex
1587 2530 1658 2567 auno
1677 2514 1734 2583 51).
1773 2513 1849 2571 Quo
1869 2514 1923 2566 die
1941 2512 2030 2567 baec
2048 2513 2195 2583 scripsi,
2213 2512 2301 2565 Dra·

1420 2598 1481 2635 sus
1499 2590 1578 2635 erat
1596 2582 1638 2636 de
1656 2584 1976 2653 praevaricatione
1994 2602 2011 2637 a
2028 2584 2184 2638 tribunis
2200 2598 2302 2635 aera·

1421 2652 1487 2704 riis
1511 2652 1719 2719 absolutus,
1748 2655 1781 2707 in
1809 2671 1936 2707 summa
1963 2662 2135 2723 quattuor
2161 2662 2302 2706 senten·

1422 2721 1497 2786 tiis,
1523 2737 1622 2791 quum
1641 2732 1829 2777 senatores
1847 2732 1879 2777 et
1898 2726 2038 2792 equites
2063 2724 2303 2787 damnassent,

1422 2790 1457 2845 de
1476 2808 1572 2845 caussa
1589 2791 1716 2857 Milonis,
1734 2810 1758 2846 a
1778 2792 1813 2845 5'2
1830 2802 1902 2858 acta,
1920 2796 2021 2846 Ascon.
2040 2811 2067 2862 p.
2077 2793 2113 2846 53
2130 2790 2180 2847 Or.
2218 2791 2303 2847 Per·

1422 2869 1501 2914 acta
1528 2862 1697 2929 utrinqne
1727 2879 1855 2914 caussa
1882 2860 2014 2931 singuli
2045 2862 2172 2930 quinos
2201 2878 2303 2914 accu-

1422 2939 1523 2982 sator
1548 2939 1581 2982 et
1607 2947 1690 2982 reus
1707 2936 1911 2996 senatores,
1936 2930 2087 2984 totidem
2104 2932 2246 2999 equites
2270 2941 2305 2984 et

1423 2998 1583 3051 tribanos
1610 3000 1772 3052 aerarios
1791 3000 2012 3066 reiecerunt,
2035 3001 2083 3053 ita
2101 3008 2135 3052 ut
2159 3017 2246 3054 naus
2272 3009 2306 3053 et

1423 3067 1448 3120 L
1474 3068 1681 3120 sententias
1708 3067 1875 3122 tulerint.
1915 3071 2118 3124 Senatores
2144 3070 2305 3125 condem·

1423 3145 1598 3190 naverunt
1617 3135 1684 3203 Xil,
1709 3137 1954 3192 absolverunt
1972 3139 2018 3192 lii.
2053 3137 2079 3194 E
2112 3140 2204 3194 uites
2224 3157 2304 3195 con-

1425 3206 1682 3260 demnaverant
1705 3204 1785 3272 Xlil,
1811 3207 2048 3263 absolverunt
2066 3209 2114 3264 V.
2156 3210 2305 3264 Tribuni

1423 3276 1550 3329 aerarii
1570 3277 1887 3332 condemnaverunt
1906 3277 1985 3345 Xlii,
2002 3279 2241 3334 absolverunt
2259 3275 2305 3332 111.

1425 3345 1459 3398 ci.
1476 3346 1591 3399 eundern
1609 3347 1643 3400 de
1657 3365 1753 3400 caussa
1769 3345 1809 3401 M.
1825 3347 1926 3401 Saufeii
1942 3367 1969 3418 p.
1985 3350 2018 3402 54
2036 3346 2086 3404 0r.
2118 3347 2227 3402 Coelius
2243 3363 2305 3416 epp.

446 3415 542 3466 timis
566 3413 718 3480 civibus,
743 3419 923 3486 equitibus
948 3417 1130 3484 Romanis,
1157 3420 1330 3484 dicemus,

446 3485 504 3551 qui
523 3491 589 3536 tum
607 3484 657 3551 (sc.
670 3500 749 3552 quum
765 3485 924 3540 Saturninus
943 3487 1157 3558 interficeretur)
1177 3506 1240 3542 aaa
1259 3506 1331 3540 cum

447 3555 573 3605 senatu
616 3551 769 3606 salutern
812 3556 1034 3622 reipublicae
1071 3557 1331 3610 defenderunt?

448 3619 596 3690 quid-tie
620 3622 779 3675 tribunis
804 3623 960 3675 aerariis
984 3633 1259 3694 ceterorumque
1277 3641 1330 3678 or-

448 3693 563 3744 dinum
583 3691 731 3744 omnium
751 3690 968 3756 bominibus,
997 3695 1054 3800 qui
1072 3702 1139 3745 tarn
1158 3711 1250 3746 arma
1267 3711 1331 3762 pro

448 3761 616 3816 communi
634 3760 807 3814 libertate
826 3767 1039 3830 ceperunt.“
1059 3761 1331 3831 dentquepsi'lanc.

446 3830 479 3895 8,
499 3829 548 3893 il,
568 3847 621 3898 quo
640 3830 704 3886 loco
723 3839 829 3884 constat
848 3831 928 3884 etiam
948 3831 973 3882 in
993 3833 1142 3901 municipiis
1156 3839 1189 3883 ‘et
1208 3831 1330 3900 praeiac-

447 3901 514 3952 turis
534 3899 580 3952 ilio
600 3908 734 3968 tempora,
754 3907 782 3952 ut
801 3901 906 3968 equites
919 3899 1076 3962 Romanos*
1088 3902 1127 3954 sic
1146 3901 1268 3954 tribunos
1286 3919 1331 3954 ae-

449 3969 537 4020 rarios
561 3986 578 4020 a
602 3969 705 4037 reliqua
730 3969 810 4038 plebe
839 3978 964 4038 tanquam
992 3969 1164 4024 honestiores
1188 3977 1332 4040 separatos

448 4036 539 4090 fuisse.
567 4035 701 4090 Tribunos
712 4045 803 4098 autem
819 4041 941 4091 aerarios
957 4048 1060 4093 certum
1077 4039 1209 4110 quendam
1223 4055 1333 4093 censum

448 4105 590 4170 habuisse,
610 4114 637 4157 ut
656 4114 799 4159 sacratores
815 4114 842 4162 et
859 4109 974 4175 equites,
993 4125 1045 4163 non
1063 4110 1151 4164 dubiis
1169 4109 1334 4180 sagramentis

448 4176 530 4228 evicit
554 4173 650 4228 Madv.
678 4193 704 4244 p.
734 4174 773 4227 1⁸2.
818 4174 965 4231 Quomodo
990 4187 1080 4232 autem
1108 4187 1184 4231 ortus
1213 4179 1236 4232 is
1263 4178 1334 4232 ordo

448 4244 529 4299 inerit
554 4251 582 4297 et
607 4243 744 4312 quomado
770 4243 805 4296 ad
830 4260 890 4296 cum
914 4247 1066 4314 pertineant
1091 4247 1202 4301 Catonis
1228 4257 1333 4302 cetero·

450 4330 578 4382 nanque,
598 4330 667 4382 quae
686 4330 769 4382 supra
786 4312 1071 4382 attulistestimoniu,
1090 4316 1165 4386 legas
1183 4334 1228 4386 ap.
1247 4319 1335 4387 ipsum

448 4379 543 4436 Madv.
562 4399 589 4452 p.
612 4381 643 4435 15
662 4399 720 4452 sqq.

416 4484 453 4551 ⁸⁸)
472 4483 527 4537 Dio
552 4485 603 4550 ts,
626 4485 660 4550 8,·
687 4483 723 4537 de
742 4500 796 4553 qao
815 4483 832 4536 Ι.
852 4501 879 4538 ν.
900 4494 996 4539 contra
1013 4486 1168 4541 Walterum
1187 4487 1287 4542 Gescb.
1308 4489 1334 4542 d.

449 4551 535 4674 {thile-
548 4553 742 4691 libiiiugioeffi
759 4551 914 4678 niiqgerum
940 4557 968 4608 in
992 4557 1044 4608 iud.
1063 4557 1116 4628 leg.
1137 4575 1163 4627 p.
1184 4557 1242 4646 lid.
1271 4574 1334 4628 pro·

417 4724 454 4791 ³¹)
473 4723 575 4774 Aaron.
594 4723 620 4775 in
640 4741 678 4776 or.
699 4726 791 4795 integ
819 4727 926 4780 candid.
946 4744 972 4796 p.
991 4727 1027 4780 911
1045 4723 1117 4781 oar.
1129 4709 1269 4793 ,Catilina
1289 4729 1335 4796 (ln

451 4791 505 4844 iud.
525 4792 668 4860 repetund.
686 4811 710 4844 a.
732 4793 786 4863 35)
812 4796 850 4848 ita
869 4796 1074 4861 litteraturam,
1100 4804 1128 4848 ut
1147 4814 1206 4850 euru
1226 4807 1334 4850 serrato·

1424 3415 1460 3468 ad
1478 3415 1541 3468 iarn
1558 3416 1621 3480 8,ss
1647 3418 1703 3470 init.
1740 3415 1846 3471 Certe
1862 3418 2017 3486 inquam,
2035 3418 2216 3473 absolutas
2235 3425 2305 3481 ests

1426 3486 1477 3554 (sc.
1488 3484 1612 3538 Valerius
1621 3484 1753 3552 Messala,
1773 3487 1807 3540 de
1825 3487 1925 3540 ambitu
1944 3498 2087 3543 accvrsatus
2103 3506 2128 3540 a.
2142 3489 2189 3556 51)
2208 3505 2255 3540 me
2273 3488 2306 3540 iu

1426 3571 1463 3606 re
1481 3557 1660 3622 praesenti
1681 3558 1944 3678 pronuntiatum
1962 3568 2015 3612 eat
2034 3569 2067 3612 et
2085 3556 2221 3625 quidem
2240 3574 2307 3610 om·

1425 3621 1529 3675 nibus
1561 3625 1679 3678 ordini
1711 3643 1748 3710 qs
1781 3635 1815 3678 et
1846 3627 2001 3712 singulis
2031 3629 2064 3681 in
2095 3643 2307 3748 vanoquoqae

1426 3691 1555 3776 ordine
1574 3703 1776 3748 sententiis.
1812 3695 1941 3750 ludicrum
1955 3707 2045 3751 manen
2060 3695 2143 3750 tiebat
2158 3714 2241 3774 secan
2263 3713 2306 3754 um

1426 3777 1558 3814 malorem
1576 3771 1682 3832 partem
1701 3764 1899 3820 universorum.
1927 3767 1959 3819 V.
1973 3767 2009 3818 de
2027 3784 2124 3819 caussa
2135 3767 2176 3820 M.
2187 3765 2307 3830 Servilii,

1425 3830 1792 3957 iirblobbtii’itfnielibmdi
1811 3854 1880 3958 ep'lii
1891 3837 1927 3890 ad
1945 3835 2105 3958 1111181118,
2129 3836 2154 3890 ³⁸
2190 3835 2308 3959 1111111

1427 3978 1523 4035 rant,
1558 3921 1699 4027 iudice‘se
1729 3921 1786 4042 isc.
1797 3921 1979 4058 'ntiteieb'sti
1985 4044 1991 4059 ⁸
2005 3921 2309 4044 [brebtbrsfesqbibm

1428 4056 1541 4162 “titt
1560 4041 2308 4170 ¹¹:2¹?‘itti‘‘litttittt‘ttt’.itttztt

1427 4126 1524 4232 iiiiii
1542 4128 1758 4234 bEDiGAM.
1794 4131 1990 4250 i'bstquanr
2008 4151 2177 4238 discessit
2195 4193 2230 4238 et
2247 4151 2309 4252 prb

1429 4244 1595 4302 absoluto
1614 4250 1785 4305 Servilius
1810 4250 1930 4335 baberi
1949 4260 2094 4321 coeptus
2112 4251 2305 4340 est,·legis·

1428 4322 2309 4462 111112111ωοῐὶ11ο11111151111111111οου11111111111111111118111111

1430 4458 1536 4522 carit,
1554 4442 1588 4510 id
1606 4459 1659 4512 lus
1679 4466 1862 4526 ratumque
1881 4469 1972 4513 esto:
1992 4462 2025 4513 in
2043 4462 2186 4516 tabulas
2205 4462 2309 4516 abso·

1428 4526 1536 4580 lutum
1550 4543 1614 4581 non
1631 4527 2071 4593 retuiiqordinumiudicia
2087 4532 2309 4603 perscripsit.

1396 4615 1433 4690 ⁸⁸)
1453 4621 1525 4674 Piut.
1544 4639 1571 4676 v.
1591 4621 1648 4674 Cic.
1669 4624 1710 4676 17.
1790 4650 1792 4653 ·
2142 4638 2144 4645 '

1396 4707 1432 4774 a)
1452 4723 1479 4762 v.
1492 4708 1593 4759 meon.
1612 4705 1648 4760 aa
1667 4722 1708 4758 or.
1727 4707 1755 4759 a
1773 4714 1827 4777 sog.
1841 4707 1949 4763 antra
1968 4727 1987 4779 p
2013 4709 2048 4762 85
2070 4705 2117 4763 ⁰r·
2136 4709 2177 4766 8⁸·
2192 4711 2235 4768 8⁷·
2249 4728 2309 4782 *va-

1395 4801 1432 4867 ⁴⁰)
1450 4798 1507 4852 cic.
1526 4799 1564 4852 sd
1580 4802 1636 4852 Aa.
1659 4803 1682 4865 1,
1703 4801 1744 4856 id·
1909 4807 1914 4817 ’
