5092 5650
1215 615 1373 720 Gap.
1409 617 1551 733 111.

1070 756 1153 840 De
1207 781 1358 864 equo
1401 760 1671 887 publico.

429 901 515 1036 Qui
540 938 666 1014 Servii
701 947 879 1037 tempore.
907 946 971 1012 aut
1005 937 1044 1011 in
1069 961 1139 1012 sex
1165 933 1375 1034 suffragiis,
1409 935 1538 1010 autin
1563 937 1650 1012 XII.
1677 935 1858 1012 centuriis
1884 946 2011 1029 erant,
2047 961 2144 1034 equo
2169 937 2320 1036 publico

429 1079 558 1131 omnes
585 1055 644 1130 usi
670 1065 774 1146 sunt,
802 1063 841 1128 et
864 1065 967 1128 recte
994 1054 1041 1128 ad
1067 1055 1161 1130 haec
1186 1063 1357 1151 tempora
1383 1052 1523 1126 Festus
1548 1079 1586 1152 p.
1612 1052 1674 1128 bl.
1700 1053 1813 1128 Lina
1850 1054 2104 1151 „equitare
2137 1052 2321 1152 antiqui

428 1171 654 1246 dicebant
687 1196 854 1270 equum
886 1169 1129 1269 publicum
1161 1174 1391 1246 merere.“
1442 1169 1549 1245 Idem
1582 1168 1697 1270 igitur
1730 1180 1811 1246 erat
1843 1170 2007 1268 equitem
2041 1196 2127 1246 esse
2159 1182 2199 1247 et
2224 1192 2321 1269 equo

428 1287 580 1387 pubhco
605 1287 672 1362 uti.
686 1287 734 1386 ⁴³)
786 1286 901 1362 Hunc
927 1286 1109 1363 Cicerone
1137 1297 1288 1362 auctore
1303 1285 1352 1384 ⁴⁴)
1378 1287 1523 1386 primus
1549 1287 1756 1388 assignavit
1775 1287 2003 1385 Tarquinius
2030 1288 2205 1381 Priscus3
2230 1286 2321 1362 Ser·

429 1402 514 1478 vius
542 1415 665 1480 autem
686 1400 767 1504 jam
791 1429 867 1478 non
893 1428 1029 1502 equum
1055 1406 1178 1504 ipsum
1205 1396 1423 1503 assignavit,
1451 1404 1519 1478 sed
1546 1428 1610 1478 aes
1636 1405 1822 1500 quoddam
1847 1416 2022 1502 equestre
2047 1404 2221 1498 instituit,
2247 1429 2321 1504 quo

430 1521 518 1618 equi
543 1532 775 1615 eruerentur,
809 1520 901 1594 item
927 1545 991 1596 aes
1016 1516 1274 1613 hordearium‚
1301 1521 1401 1617 qnod
1428 1521 1475 1594 ad
1501 1522 1655 1598 alendos
1683 1546 1800 1619 equos
1825 1523 1864 1597 in
1891 1547 2009 1598 anuos
2034 1522 2203 1620 singulos
2228 1549 2322 1623 pen-

426 1636 564 1713 derent
589 1638 737 1729 viduae,
762 1637 788 1718 i.
815 1663 848 1712 e.
874 1639 1053 1713 mulieres
1079 1662 1154 1712 uon
1180 1649 1333 1739 nuptae,
1344 1636 1393 1737 ⁴⁵)
1419 1636 1530 1713 sicuti
1556 1638 1727 1712 Corinthi
1752 1662 1900 1736 quoque
1926 1641 2102 1716 orborum
2127 1649 2167 1714 et
2190 1641 2324 1716 ridua-

429 1778 512 1828 rum
544 1755 695 1833 tributis
729 1765 769 1828 et
802 1754 1086 1854 assignabantur
1119 1763 1158 1828 et
1184 1757 1380 1830 alebantur
1404 1752 1492 1852 aqui
1516 1754 1669 1854 publici.
1688 1753 1737 1854 46)
1789 1756 1980 1846 Tradunt,
2013 1755 2111 1830 aeris
2137 1757 2322 1853 equestris
2391 1804 2397 1842 :

430 1873 580 1946 nomine
614 1873 701 1946 data
736 1897 821 1946 esse
856 1871 1042 1970 equitibus
1076 1873 1207 1946 decern
1241 1870 1359 1944 millia
1392 1870 1550 1959 assium,
1587 1872 1686 1946 aeris
1712 1870 1902 1945 hordearii
1927 1871 2078 1946 nomine
2105 1873 2180 1948 duo
2206 1872 2323 1947 millia

431 1988 590 2080 assium,
609 1988 657 2087 ⁴³)
697 2013 791 2086 quaa
825 2011 990 2062 summae
1025 1989 1098 2064 iam
1132 1985 1381 2061 Niebuhrinm
1415 1986 1665 2062 offenderunt.
1726 1987 1870 2062 Tamen
1903 1988 1936 2062 is
1969 1997 2096 2062 tantae
2128 1989 2322 2087 impensae

431 2104 573 2200 aliquas
601 2131 749 2180 caussas
776 2104 848 2179 sibi
873 2103 978 2179 visus
1006 2116 1063 2182 est
1087 2102 1298 2200 reperisse,
1334 2103 1497 2200 pretium
1523 2105 1610 2201 eqni
1636 2105 1684 2179 ad
1708 2127 1870 2204 pugnam
1896 2102 2042 2196 idonei,
2077 2104 2323 2204 comparatio-

431 2247 517 2296 nem
543 2222 664 2314 servi,
700 2221 858 2320 equique
894 2223 1067 2311 alterius,
1101 2245 1174 2318 quo
1208 2241 1341 2293 servus
1375 2229 1556 2293 uteretur.
1574 2219 1626 2318 ⁴⁸)
1674 2223 1795 2296 Multo
1830 2221 1940 2306 aliter
1973 2231 2097 2296 autem
2131 2224 2178 2297 de
2210 2247 2257 2298 ea
2280 2247 2324 2298 re

430 2338 668 2413 iudicandum
702 2363 807 2432 esse,
846 2337 997 2438 egregie
1025 2336 1138 2425 vidit,
1178 2333 1242 2433 qui
1275 2337 1371 2410 hanc
1403 2334 1660 2433 quaestionem
1691 2364 1813 2440 nuper
1846 2338 2026 2429 absolvit,
2065 2338 2255 2416 Bbckhius
2274 2338 2323 2439 ⁴⁹)

432 2454 708 2530 Animadvertit
735 2455 853 2546 enim,
889 2453 1043 2527 Solonis
1066 2461 1256 2550 tempora,
1292 2451 1333 2526 id
1359 2462 1418 2526 est
1443 2478 1520 2528 non
1552 2456 1668 2530 multo
1704 2468 1789 2531 ante
1825 2454 1951 2530 Seruii
1976 2467 2138 2530 aetatem
2163 2456 2323 2532 Athenis

432 2597 587 2650 censum
612 2570 750 2668 equitis
774 2570 848 2645 tria
871 2567 990 2646 millia
1015 2569 1272 2646 drachmarum
1297 2568 1492 2662 effecisse,
1516 2595 1629 2668 quum
1654 2582 1697 2647 nt
1720 2597 1820 2647 nune
1845 2571 2011 2646 creditur
2035 2572 2178 2647 Romae
2204 2597 2322 2670 equus

432 2691 537 2762 solus
570 2689 672 2762 mille
705 2683 891 2760 drachmis
917 2685 1137 2762 constiterit.
1189 2688 1300 2762 Anno
1325 2685 1403 2760 324
1428 2686 1476 2760 U.
1503 2687 1545 2761 G.
1572 2714 1683 2764 orem
1708 2689 1857 2781 decem,
1891 2691 2028 2764 barem
2053 2701 2202 2766 cannam
2227 2689 2322 2764 assi·

434 2807 503 2877 hus
530 2803 603 2879 emi
630 2801 761 2884 solitos
787 2801 927 2895 fuisse
961 2828 1055 2901 qnae
1080 2801 1203 2905 pretia
1227 2812 1269 2878 ut
1295 2802 1422 2879 Servii
1447 2813 1624 2909 tempore
1644 2831 1721 2881 non
1745 2804 1891 2881 minora
1914 2805 2075 2899 fuerint,
2107 2818 2233 2883 tamea
2257 2830 2322 2882 aes

434 2930 607 3015 equestre
635 2928 783 2992 centurn
808 2920 921 2993 boum
947 2919 1028 2995 sive
1055 2921 1158 2995 mille
1186 2921 1313 2995 ovium
1337 2920 1501 3020 pretium
1525 2934 1767 3019 aequaturum
1793 2922 1925 2997 luisse.
1975 2925 2086 3000 Anno
2111 2922 2188 2998 3ἶὸ
2208 2923 2256 2997 U.
2279 2925 2322 2997 G.

433 3034 604 3124 Athenis,
632 3034 697 3109 ubi
723 3035 809 3131 equi
835 3037 959 3135 magni
985 3045 1156 3111 constare
1183 3038 1371 3127 solebant·
1392 3048 1516 3111 tamen
1544 3041 1762 3115 emebantur
1785 3038 1906 3115 tribus
1966 3040 1974 3060 '
2006 3041 2014 3058 '
2045 3068 2056 3132 3
2081 3039 2225 3115 Romae
2251 3037 2324 3140 igi-

432 3162 494 3226 tur
521 3150 647 3227 Servii
674 3162 795 3227 aetate
822 3152 988 3252 optimus
1012 3177 1129 3249 equus
1156 3152 1312 3227 duarum
1338 3156 1521 3229 minarum
1546 3156 1710 3256 pretium
1735 3065 2036 3235 excedente
2047 3156 2182 3257 potuit,
2210 3180 2323 3253 quum

389 3306 395 3319 ι
433 3292 566 3343 servus
601 3268 711 3342 simul
747 3294 830 3345 cum
865 3291 960 3365 equo
995 3292 1063 3343 suo
1098 3269 1320 3368 comparari
1338 3296 1415 3347 non
1438 3268 1581 3369 majore
1614 3271 1737 3372 pretio
1763 3284 1905 3372 posset.
1957 3274 2102 3347 'famen
2127 3283 2324 3349 narrantur

433 3383 536 3457 mille
570 3386 766 3459 drachmae
801 3387 849 3460 ad
876 3411 1011 3483 equum
1038 3387 1235 3482 emendum
1254 3378 1423 3461 ¹tributae
1450 3387 1590 3479 fuisse,
1624 3412 1737 3485 quum
1763 3389 1837 3463 alio
1862 3391 1946 3464 loco
1973 3387 2042 3488 (a,
2067 3390 2141 3488 db)
2166 3388 2321 3462 Livius:

434 3500 585 3591 „dena
610 3499 766 3574 millia
792 3502 952 3598 gravis
980 3501 1120 3592 aeris,
1148 3526 1263 3599 quae
1290 3514 1384 3578 tum
1411 3502 1616 3579 divitiae
1642 3504 1977 3581 habebantur.“
2028 3506 2173 3581 Eodem
2198 3506 2323 3597 modo,

434 3626 477 3689 nt
502 3615 634 3706 Servii⁴
661 3625 783 3690 aetate
818 3617 996 3693 frumeuti
1021 3616 1144 3717 pretia
1170 3632 1296 3710 erant,
1330 3630 1479 3694 centum
1505 3621 1703 3697 drachmae
1737 3630 1776 3695 et
1809 3623 1916 3717 equis
1943 3624 2086 3699 dnobus
2113 3621 2257 3696 alendis
2284 3633 2324 3697 et

435 3756 547 3807 servo
574 3732 831 3824 sufficiebant,
858 3757 942 3807 cum
968 3734 1042 3807 duo
1069 3733 1185 3809 milha
1210 3735 1350 3812 assium
1374 3737 1554 3850 ducentas
1580 3738 1774 3815 drachmas
1799 3737 1978 3817 efficiant.
2028 3740 2135 3839 Quae
2161 3762 2246 3816 cnm
2270 3738 2323 3814 ita

435 3950 471 4016 ⁴³)
490 3946 596 4014 Equum
624 3962 730 4000 merere
755 3954 830 4001 recte
855 3946 952 3999 dlcitor
977 3954 1004 3999 ut
1031 3946 1130 4017 triplex
1156 3964 1276 4015 merere,
1300 3940 1363 4003 stt‘
1411 3952 1449 4019 ⁴⁴)
1467 3950 1503 4005 de
1519 3968 1577 4024 rep.
1596 3950 1635 4019 ll,
1653 3956 1696 4011 2⁰.

470 4015 572 4139 perdia
603 4033 716 4070 merere.
763 4014 888 4070 Ceterum
922 4032 1009 4084 neque
1042 4016 1094 4069 hoc
1128 4019 1230 4087 capita,
1258 4036 1346 4088 neque
1413 4044 1449 4114 m)
1468 4046 1502 4098 cp
1520 4044 1601 4100 Meg·
1622 4049 1651 4114 ι,
1670 4066 1696 4118 p·
1715 4050 1776 4105 520,
1794 4048 1902 4103 walger
1919 4046 1937 4101 ι
1954 4046 1974 4100 p
1992 4065 2019 4118 p,
2037 4048 2081 4103 35,

481 4085 541 4139 thro
564 4083 614 4149 ill,
642 4102 665 4138 c.
684 4087 716 4150 3,
743 4086 787 4138 nbi
808 4086 905 4138 iterum
932 4085 967 4139 de
984 4087 1116 4155 equitibus
1141 4104 1210 4156 equo
1229 4106 1255 4158 p.
1281 4089 1346 4154 dial,
1492 4141 1499 4155 ,

469 4153 613 4209 dicendum
641 4155 736 4224 putari
763 4154 799 4207 de
828 4154 997 4209 discordibus
1025 4156 1060 4209 de
1094 4156 1146 4211 hac
1177 4174 1207 4210 re
1238 4166 1345 4211 senten·
1412 4139 1858 4212 ⁴⁶)010010‘181'0l’·22ffl·⁰f·
1878 4140 2229 4212 B“0⁰¹‘J³·¹·¹·l'·⁹⁰⁸·'

468 4225 512 4278 tila
545 4225 665 4279 vironnn
698 4223 855 4290 doctorum,
892 4226 936 4293 qul
964 4228 1128 4296 temporibus
1155 4242 1209 4279 non
1236 4226 1345 4281 distinc-
1412 4233 1449 4301 41)
1469 4234 1716 4291 Slcenimhivlus
1736 4240 1827 4303 1,43.

469 4296 525 4416 iiiii.
540 4292 874 4428 iitiiwgidissi’biii’li:luis
888 4294 996 4418 aidrditi.
1015 4296 1213 4436 qqcpavgirqqq
1231 4295 1345 4421 ilelffg.
1412 4331 1447 4393 ⁴⁸)
1465 4324 1547 4381 Nieb.
1564 4328 1586 4395 1,
1604 4348 1631 4400 p.
1648 4334 1714 4388 tao:
1733 4331 1874 4385 deServlo
1892 4330 2061 4398 compararit
2073 4327 2217 4385 Bdckhlns
2230 4348 2257 4399 p.
2268 4327 2321 4382 tto

470 4430 663 4559 tabat
677 4434 770 4567 aa.
790 4431 914 4557 aho
935 4436 971 4558 ἐ.
995 4434 1168 4557 anan:
1187 4434 1230 4559 a
1249 4434 1345 4558 batn
1572 4468 1716 4524 ........
1753 4468 1813 4521 a·
1904 4470 1954 4530 a·
2034 4478 2061 4523 ..
2078 4486 2122 4540 ψ·
2142 4469 2201 4523 ....
2293 4470 2318 4521 ³·

470 4569 603 4692 aaa
619 4574 730 4695 ag
745 4572 877 4711 {pq
888 4575 928 4697 ,312
959 4574 1073 4697 aeg
1089 4571 1345 4714 pgr-gagg
1445 4536 2163 4678 brancalo.anatthemate*
2206 4536 2320 4659 ltu.

492 4745 498 4760 ι
528 4710 586 4763 tao.
612 4708 688 4779 Llps.
713 4710 748 4763 de
769 4726 799 4764 rc
823 4712 897 4767 milit.
922 4711 1000 4765 Rom.
1028 4715 1058 4777 l,
1090 4716 1114 4766 5.
1141 4712 1192 4766 Ph.
1218 4732 1235 4767 a
1258 4714 1345 4767 'l'orre
1445 4677 1527 4731 θύω
1544 4678 1581 4732 ⁸⁴¹
1599 4677 1668 4731 Μ
1686 4695 1720 4732 ⁰⁸
1737 4695 1842 4733 'mm
1858 4678 2020 4747 Wiimib'i*

506 4794 550 4831 on.
569 4786 622 4831 ret.
642 4780 715 4832 Anah
733 4797 759 4849 p.
779 4783 822 4837 49.
841 4780 971 4837 Garaton.
997 4779 1032 4834 ad
1051 4780 1107 4835 Cic.
1133 4770 1204 4837 Phil.
1230 4784 1259 4848 l,
1282 4785 1344 4839 aa
1410 4782 1448 4849 ⁴⁰)
1468 4798 1494 4849 p.
1522 4783 1582 4837 499.
1605 4797 1666 4851 sqq.
1711 4781 1800 4855 ᾼΙὶιηι
1827 4783 1960 4837 radonem
1988 4782 2085 4836 hierat
2111 4774 2266 4832 Huschklus
2292 4794 2319 4849 p.

469 4848 502 4914 a,
520 4849 545 4903 5.
580 4846 703 4903 Muhlert
721 4850 743 4921 5.
766 4852 805 4905 13.
1445 4850 1506 4906 367.
1525 4866 1584 4920 sqq.

1445 4394 1561 4452 Gellium
1583 4404 1615 4466 4,
1642 4402 1684 4457 20.
1729 4400 1820 4454 Etiam
1837 4400 1972 4453 sociorum
1991 4400 2096 4468 equites
2114 4417 2192 4453 suum
2209 4402 2321 4468 quisque
