5092 5650
2058 376 2121 464 ἢ

231 601 306 704 ipsi
332 613 526 681 senatorer
552 605 593 680 in
618 583 750 678 XVIII
776 601 956 678 centuriis
983 611 1121 695 essent,
1150 605 1295 703 equites
1320 605 1481 682 Romani
1514 631 1611 705 equo
1644 609 1794 706 publico
1827 636 1850 686 a
1881 637 2015 714 magno
2049 643 2120 694 nu-

230 745 335 796 mero
369 723 535 822 equitum
569 720 798 819 reliquorum
833 718 1030 797 differrent
1062 720 1267 798 nobilitatis
1294 734 1335 798 et
1360 724 1485 799 studio
1512 734 1551 803 et
1576 723 1795 822 insignibus.
1846 729 1958 805 Anno
1983 734 2060 808 3⁰6
2085 763 2119 812 a.

235 836 323 912 cnr.
350 865 399 932 n.,
430 863 544 937 quum
570 839 613 911 0.
638 835 794 912 Flavius
821 836 955 930 scriba,
981 847 1089 937 patre
1117 837 1306 931 libertino,
1334 841 1467 916 aedilis
1494 841 1633 916 curulis
1660 842 1781 916 lactus
1807 858 1919 940 esset,
1946 852 2123 929 traditum

232 966 291 1029 est
324 954 363 1030 in
389 952 603 1046 mnaubus,
638 963 813 1045 „tantum
839 955 933 1028 haec
967 954 1118 1029 comitia
1151 947 1421 1054 indignationis
1446 959 1642 1050 habuisse,
1677 947 1720 1033 ut
1745 960 1916 1060 plerique
1940 968 2122 1050 nobilium

96 1111 104 1124 ·
229 1073 362 1147 anulos
395 1097 532 1168 aureos
564 1081 603 1144 et
636 1071 812 1169 phaleras
847 1071 1126 1170 deponerent“.
1186 1071 1299 1152 Haeo
1330 1073 1415 1173 ipsa
1440 1074 1629 1151 annalium
1665 1079 1800 1169 verba,
1833 1103 1928 1175 quae
1953 1071 2122 1162 servarit

229 1189 366 1266 Livius
392 1187 436 1280 9,
463 1187 532 1278 tt,
563 1187 620 1260 12.
648 1186 801 1286 egregie
829 1197 869 1261 et
895 1189 1089 1263 confirmat
1114 1199 1154 1264 et
1178 1189 1451 1290 interpretetur
1476 1190 1624 1266 Plinius
1649 1191 1704 1266 Η.
1730 1193 1777 1266 Ν.
1804 1194 1872 1286 33,
1900 1196 1936 1270 li·
1969 1203 2121 1301 'anffl

230 1308 361 1381 facto
403 1315 535 1380 tanta
575 1317 775 1379 senatus
814 1303 1154 1404 indignatione
1189 1307 1395 1399 exarsit,
1437 1316 1486 1382 ut
1520 1310 1689 1384 anulos
1723 1313 1777 1385 ab
1811 1337 1865 1386 eo
1906 1315 2120 1394 abiectos

231 1422 390 1498 luisse
417 1422 463 1496 in
488 1420 850 1522 antiquissimis
876 1422 1156 1522 reperiatur
1182 1424 1450 1500 annalibus.
1503 1426 1656 1501 Fallit
1680 1429 1961 1528 ploros'que,
1999 1438 2122 1532 quod

232 1549 326 1616 tum
365 1547 411 1614 et
443 1549 716 1635 equestrem
757 1539 970 1615 ordinem
1003 1539 1050 1614 id
1076 1540 1258 1618 fecisse
1294 1542 1608 1619 arbitrantur.
1659 1545 1849 1622 Etenim
1883 1550 2122 1629 adiectum

231 1655 321 1730 hoe
345 1645 545 1754 quoque,
581 1658 663 1731 sed
690 1667 737 1730 et
762 1658 963 1756 phalera
988 1656 1179 1756 posita„
1202 1669 1563 1761 proptereaque
1596 1653 1763 1737 nomen
1796 1664 2007 1762 equitum
2040 1674 2122 1747 ad-

231 1771 404 1846 iectum
438 1783 524 1848 est.
576 1773 758 1848 Anulos
788 1775 974 1872 quoque
1002 1773 1258 1876 depositos
1286 1803 1309 1851 a
1333 1777 1598 1852 nobilitate
1624 1778 1671 1852 in
1697 1782 1893 1856 annales
1918 1787 2122 1865 relatum

232 1898 324 1981 est,
364 1899 456 1964 non
491 1916 513 1964 a
545 1900 718 1966 senatu
751 1890 1027 1967 uni'verso“.
1086 1893 1219 1991 ltaque
1252 1895 1407 1987 anulus,
1445 1905 1489 1969 ut
1523 1905 1632 1970 antea
1663 1897 1924 1996 patriciorum,
1962 1903 2018 1979 sic
2049 1908 2123 1982 hoo

231 2030 325 2080 aevo
351 2007 425 2083 luit
450 2007 645 2099 nobilium,
670 2033 746 2083 non
773 2009 937 2084 omnium
963 2020 1189 2086 senatorum.
1241 2011 1377 2112 Pergit
1401 2011 1501 2086 euim
1525 2012 1697 2087 -Pliniuss
1730 2012 1789 2087 Et
1813 2015 1900 2090 hoo
1925 2020 2123 2118 primum

230 2124 478 2200 anulorum
512 2124 775 2224 uestigium
809 2136 990 2202 exstatt
1030 2129 1297 2228 promiscui
1335 2139 1490 2204 autem
1530 2153 1641 2203 usus
1675 2131 1877 2206 alterum
1910 2141 2121 2215 seeundo

170 2327 171 2332 Ἰ
230 2239 413 2316 Punico
447 2242 600 2316 bello:
640 2267 793 2341 neque
828 2244 949 2318 enim
983 2246 1133 2322 aliter
1165 2247 1448 2348 potuissent
1480 2244 1708 2321 trimodia
1745 2247 1835 2323 illa
1873 2256 2121 2334 anulorum

231 2355 569 2458 Carthaginem
603 2362 656 2434 ab
688 2359 965 2436 Hannibale
998 2363 1139 2438 mitti.
1191 2365 1251 2438 Ad
1279 2388 1373 2461 quos
1398 2362 1628 2463 pertinuerit
1658 2387 1750 2438 usus
1783 2364 1848 2440 ille
1874 2371 2122 2467 promiscuus,

43 2494 48 2503 ¹
151 2479 163 2552 ’,
232 2475 406 2550 ePlinio
440 2497 516 2552 non
550 2486 718 2578 apparet.
769 2478 826 2552 Ac
851 2477 987 2553 Livius
1021 2480 1174 2578 quidem
1199 2481 1268 2572 23,
1311 2480 1389 2571 12ι,
1427 2491 1627 2580 P⁰⁸itl¹1⁰ffl
1659 2480 1826 2557 ”mvii
1849 2483 2051 2584 M⁸ss⁰¹¹⁰¹¹¹
2080 2492 2124 2570 5¹¹

157 2627 160 2632 ·
232 2593 420 2668 vestibulo
453 2593 578 2670 curiae
606 2594 928 2696 Carthaginiensis
962 2595 1143 2673 effudisse
1178 2621 1313 2672 aureos
1350 2596 1437 2672 illos
1470 2598 1603 2671 anulos
1643 2597 1869 2689 „Adiecit
1902 2602 2121 2704 deinde“,

231 2709 364 2808 inquit,
391 2710 606 2803 „verbis,
634 2735 722 2809 quo
747 2711 947 2787 maioris
973 2714 1130 2788 eladis
1157 2711 1390 2790 indicium
1416 2725 1568 2806 esset,
1602 2713 1836 2788 neminem
1861 2717 1958 2795 nisi
1984 2710 2122 2821 equi-

153 2898 156 2903 ,
231 2838 323 2903 tem
350 2835 490 2925 atque
518 2853 679 2904 eorum
704 2828 917 2929 ipsorum
943 2831 1183 2931 primores
1209 2827 1456 2931 id‘gerere
1488 2830 1726 2931 insigne.“
1777 2833 1971 2913 Primores
1997 2851 2123 2923 autem

231 2946 317 3022 illos
352 2946 434 3021 sine
467 2945 581 3021 dubio
614 2945 793 3045 intelligit
827 2946 973 3045 equites
1008 2975 1104 3048 equo
1138 2950 1310 3051 publico,
1344 2961 1426 3041 aut,
1466 2950 1567 3046 quod
1599 2950 1711 3026 idem.
1734 2950 1816 3025 lere
1851 2963 1929 3047 est,
1962 2960 2121 3037 nobiles.

231 3062 346 3154 Nam,
385 3088 592 3161 quanquam
626 3064 712 3139 fieri
746 3064 887 3163 potuit,
925 3075 984 3158 ut,
1024 3070 1124 3165 quod
1157 3077 1292 3169 postea
1324 3068 1463 3143 laetum
1498 3078 1576 3160 est,
1616 3066 1729 3143 etiam
1762 3093 1911 3161 eorum,
1951 3074 2014 3169 qui
2046 3102 2122 3153 non

233 3188 340 3255 erant
371 3178 411 3255 in
444 3180 622 3256 centuriis
656 3180 919 3281 publicumque
955 3208 1090 3282 equum
1124 3186 1329 3277 habebant,
1367 3185 1515 3284 qnidam
1548 3184 1650 3259 anuli
1682 3184 1742 3258 ius
1776 3184 1849 3258 sibi
1882 3192 2122 3288 sumpserint,

233 3306 357 3371 umen
384 3318 450 3371 eos
475 3306 554 3373 tum
582 3298 732 3396 quidem
758 3298 892 3373 aetatis
918 3300 1165 3403 paucissimos
1192 3300 1313 3375 luisse
1338 3323 1495 3377 neeesse
1521 3309 1600 3391 ert,
1634 3324 1748 3398 quum
1780 3323 1830 3375 ne
1863 3304 2013 3381 socialis
2039 3309 2124 3407 qui--

234 3415 317 3489 dem
344 3412 436 3487 belli
460 3422 631 3512 tempore
665 3414 726 3488 ius
759 3414 854 3488 illud
889 3440 1019 3491 omnes
1054 3416 1201 3517 equites
1226 3428 1355 3491 essent
1379 3415 1554 3492 assecuti.
1572 3415 1622 3516 ⁸³)
1672 3416 1805 3515 Neque
1831 3442 1882 3493 ex
1906 3420 2049 3500 incerta
2074 3426 2123 3501 de

232 3528 353 3607 tribus
386 3527 523 3607 modiis
548 3530 745 3605 anulorum
769 3530 982 3609 narratione
1008 3534 1056 3611 de
1082 3558 1239 3614 numero
1271 3534 1436 3634 equitum
1461 3532 1663 3633 quidquam
1689 3533 1960 3613 conficiendum
1985 3551 2053 3616 est
2072 3544 2123 3645 ⁸⁶)

966 3853 1385 3868 *w

236 4028 652 4065 -un—-b-——U—-r

135 4182 141 4187 .
237 4124 277 4215 ⁸⁵)
295 4142 376 4197 Plintl
399 4148 432 4201 ll.
458 4146 494 4203 N.
518 4150 568 4217 33,
593 4150 618 4205 6.
653 4146 699 4203 Ne
720 4156 776 4203 torn
800 4148 908 4219 quidem
933 4151 1015 4221 (belli
1039 4150 1148 4208 socialis
1215 4157 1251 4222 16)
1270 4152 1384 4211 Medios
1408 4159 1464 4239 tres
1486 4150 1587 4239 babent
1603 4151 1665 4209 nte.
1682 4155 1731 4221 23,
1757 4155 1803 4221 11,
1829 4158 1852 4211 1.
1870 4154 1931 4209 vat.
1949 4155 2027 4212 Max.
2046 4158 2078 4225 7,
2096 4160 2123 4226 1,

275 4219 415 4285 tempore)
441 4236 534 4273 omnes
552 4227 692 4273 senatores
711 4218 876 4274 babuerunt:
904 4229 997 4291 utpote
1016 4240 1075 4276 curn
1095 4240 1148 4276 me·
1250 4228 1291 4282 la
1310 4228 1448 4297 Augustam
1468 4223 1504 4278 de
1520 4232 1592 4279 cunt.
1611 4223 1656 4277 del
1672 4229 1698 4291 3,
1719 4226 1759 4281 la.
1778 4225 1847 4279 duos
1864 4225 1961 4279 Florus
1979 4230 2011 4293 I,
2029 4229 2060 4292 a,
2082 4230 2122 4284 to.

275 4282 998 4415 '‘¹⁰tttutmntbt‘ttttttinnit*
1024 4294 1059 4417 ll
1075 4293 1149 4419 t't’
1190 4299 1193 4309 ’
1250 4312 1329 4418 llll
1350 4295 1498 4417 tritt:
1519 4293 1772 4418 Jimliffi'ni‘l
1800 4312 1923 4417 tttt
1936 4297 1985 4418 ‘ll‘
2008 4299 2125 4422 llll

274 4369 326 4475 Idd
336 4420 366 4475 C.
385 4394 608 4483 maritumos
645 4377 751 4483 drtblno
770 4428 855 4495 bello,
882 4380 1034 4487 serotini
1051 4382 1147 4488 tradit:
1250 4404 1473 4502 mutuum-'ses
1498 4403 1604 4517 biamus
1628 4434 1759 4488 &mania
1779 4405 1877 4486 anulos
1900 4404 2045 4490 nemitos·
2063 4454 2126 4493 aar·

275 4492 1149 4647 {tastulittus.foederarentur:
1249 4502 2126 4644 tat.ursanatormentabant

275 4630 365 4717 dinem
389 4641 548 4701 tertiumque
572 4635 642 4703 plebi
669 4644 696 4689 et
720 4639 841 4707 patribus
858 4640 1002 4695 tremuere.
1019 4666 1055 4681 -
1089 4639 1150 4695 Nec
1251 4658 1342 4711 paene
1363 4658 1413 4694 sex
1427 4641 1660 4725 milliuequltum
1684 4639 1786 4709 (Dion.
1804 4641 1866 4696 llal.
1883 4644 1916 4708 i,
1943 4646 1983 4699 17.
2002 4664 2028 4715 ρ.
2045 4648 2126 4731 ill.)

275 4700 380 4771 pridem
403 4702 431 4755 ld
456 4699 572 4785 factumi
608 4704 683 4759 Divo
700 4706 822 4777 Angtnto
847 4708 972 4765 decurias
996 4709 1150 4774 ordinante,
1252 4728 1287 4764 ea
1311 4710 1407 4794 qstbqa
1424 4712 1448 4764 sl
1472 4720 1553 4765 tertre
1575 4719 1678 4763 tantam
1701 4727 1766 4779 pars
1787 4710 1896 4767 anulum
1914 4711 2048 4782 babebat,
2071 4732 2126 4769 ram

277 4772 362 4909 :qaiqr
388 4788 463 4897 paqad
480 4770 776 4913 lrldlddsmadlletlffi
795 4778 877 4835 anulo
901 4779 966 4847 luit,
998 4780 1071 4851 liqna
1096 4794 1150 4835 nou
1253 4796 1365 4853 rugatas
1382 4796 1408 4835 rs
1423 4797 1548 4835 meras
1566 4778 1642 4833 eredl
1657 4780 1754 4849 potuit

241 4894 243 4898 .
312 4858 426 4909 urea,s
776 4864 815 4903 nr.
1078 4888 1082 4895 .
1109 4884 1112 4893 .

1660 4941 1682 5008 3
