5092 5650
426 591 531 672 ante,
565 565 721 652 victam
739 596 796 648 ex
820 567 976 646 libidine
1002 591 1070 644 usa
1095 577 1173 660 est,
1207 591 1414 668 quanquam
1439 566 1576 652 multos
1603 567 1781 656 mortales
1807 573 1871 643 aut
1895 565 1997 642 ferro
2025 574 2089 643 sut
2121 567 2221 667 fuga¹
2243 589 2312 645 ex-

427 697 578 786 stinxit,
602 702 726 766 tamen
752 689 838 789 plus
865 685 937 766 sibi
962 683 1126 776 timoris,
1159 709 1270 783 quarn
1295 684 1486 784 potentiae
1511 682 1551 756 in
1576 683 1762 778 reliquum
1789 683 1944 758 addidit.
1993 684 2109 776 Nam,
2142 683 2314 780 quamtis

427 819 616 906 hucusque
651 795 890 904 optimatibus
924 799 1162 902 contigisset,
1194 809 1236 874 ut
1260 799 1373 876 modo
1398 825 1469 898 per
1504 800 1626 875 socios
1660 824 1705 874 ac
1736 823 1874 873 nomen
1899 798 2094 892 Latinum,
2126 798 2316 874 interdum
2366 791 2401 900 Ἰ

427 956 496 1032 per
528 923 674 1022 equites
707 921 915 1009 Romanos,
954 941 1048 1014 quos
1082 941 1171 1018 spes
1206 915 1398 992 societatis
1432 940 1516 992 cum
1553 916 1739 991 nobilibus
1762 914 1807 1013 ²⁰)
1846 915 1894 989 de
1932 918 2045 1016 plebe
2084 914 2315 1007 dimovisset,

427 1043 684 1124 Gracchorum
710 1035 875 1112 consiliis
901 1059 1053 1134 semper
1076 1034 1311 1125 resisterent,
1338 1043 1465 1108 tamen
1488 1030 1563 1108 iarn
1588 1043 1627 1107 et
1652 1033 1825 1132 plebem,
1847 1029 2252 1131 Gracchanis·legibus
2276 1031 2318 1106 iu

425 1162 638 1240 hbertatem
670 1152 912 1244 sindicatam,
952 1160 991 1224 et
1014 1174 1134 1225 novos
1168 1148 1312 1224 iudices
1347 1158 1684 1248 exasperaverant,
1723 1155 1915 1256 postremo
1948 1149 2170 1250 Iugurthino
2203 1148 2317 1247 bello,

427 1277 527 1378 quod
555 1269 679 1346 statim
705 1279 873 1344 secutum
900 1277 977 1358 est,
1004 1276 1043 1341 et
1068 1277 1244 1364 quantum
1270 1263 1311 1339 in
1337 1290 1379 1340 se
1406 1269 1509 1340 bsset
1533 1264 1719 1338 scelerum
1744 1274 1991 1363 aperuerunt,
2025 1275 2064 1339 et
2087 1265 2199 1340 novis
2224 1250 2318 1338 laci-

427 1391 583 1472 noribus
616 1385 913 1462 ulciscendorum
947 1393 1117 1458 veterum
1151 1381 1378 1456 adversariis
1412 1379 1645 1458 occasionem
1669 1382 1934 1488 praebuerunt.
1984 1379 2188 1458 Nanneius
2214 1383 2318 1482 lega-

427 1507 560 1597 tionis,
599 1527 693 1602 quae
728 1501 835 1576 initio
869 1498 960 1573 belli
995 1499 1043 1573 ad
1075 1522 1232 1596 regnum
1265 1496 1449 1601 Micipsae
1482 1496 1582 1570 inter
1612 1496 1832 1596 Iugurtham
1865 1506 1905 1570 et
1935 1481 2188 1572 Adherbalem
2221 1494 2319 1572 divi-

429 1625 591 1704 dendum
629 1619 669 1694 in
702 1617 869 1708 Africam
900 1615 1016 1689 missa
1048 1623 1124 1706 est,
1162 1613 1341 1714 princeps
1375 1612 1448 1686 fuit
1471 1611 1518 1688 Ia.
1545 1612 1740 1714 Opimius,
1761 1611 1807 1706 ¹⁷)
1839 1611 1880 1686 in
1913 1639 2030 1713 eaque
2055 1615 2109 1689 M.
2142 1614 2320 1705 scaurus,

429 1741 605 1842 princeps
632 1745 796 1810 senatus.
819 1731 864 1830 ²8)
916 1729 1088 1832 Opimius
1115 1730 1223 1805 donis
1249 1731 1351 1830 regis
1377 1738 1576 1830 corruptus
1601 1739 1672 1820 est,
1694 1729 1739 1828 ²²)
1773 1729 1915 1804 Scauro
1941 1729 2131 1806 etiamtum
2157 1730 2321 1806 animum

429 1883 451 1932 a
485 1861 664 1931 consueta
696 1847 851 1924 libidine
885 1847 1109 1924 continente.
1127 1845 1177 1946 ²⁰)
1232 1846 1339 1922 Missi
1364 1847 1452 1922 dein
1486 1870 1569 1920 cum
1603 1845 1773 1923 exercitu
1798 1845 2022 1949 Calpurnius
2048 1847 2180 1922 Bestia
2204 1847 2321 1944 Mquo

312 2021 336 2048 ,.
429 1974 593 2050 &ausus
621 1973 805 2063 quaestor.
823 1962 871 2063 ²¹)
923 1963 1091 2062 Uterque
1117 1963 1277 2065 pecunia
1302 1962 1563 2064 corrumpitur.
1581 1960 1631 2063 ²²)
1682 1962 1860 2054 Albinus,
1894 1962 1959 2062 qui
1984 1963 2183 2057 successit,
2217 1972 2321 2038 certe

430 2113 506 2164 non
531 2085 628 2158 liber
654 2106 675 2154 a
701 2078 914 2181 suspicione
941 2089 1032 2172 orat,
1045 2079 1095 2180 ²³)
1119 2079 1252 2170 Aulus,
1280 2079 1362 2154 eius
1382 2080 1512 2170 frater,
1538 2105 1609 2179 pro
1635 2090 1809 2178 praetore
1834 2078 1876 2153 in
1890 2079 2021 2154 Africa
2045 2081 2218 2170 relictus,
2237 2103 2321 2154 cor-

430 2213 564 2304 ruptus
590 2198 749 2300 pecunia
765 2195 814 2298 ²⁴)
842 2207 881 2273 et
905 2197 1012 2301 susus
1038 2196 1261 2296 fugatusque
1290 2221 1313 2269 a
1336 2195 1518 2295 Iugurtha
1542 2203 1614 2270 est
1631 2194 1689 2302 ²⁵)
1732 2193 1877 2272 Tantae
1903 2196 2126 2288 insolentiae
2161 2206 2200 2272 et
2232 2221 2321 2270 ava-

431 2319 538 2420 ritiae
566 2313 798 2414 optimatium
832 2338 945 2412 quum
969 2329 1040 2415 per
1066 2338 1179 2390 unum
1204 2311 1421 2387 Memmium
1446 2310 1654 2403 tribunum,
1692 2312 1882 2388 hominem
1907 2313 2094 2389 nobilitati
2118 2311 2322 2390 infestissi-

430 2429 596 2530 mum,²⁶)
624 2430 771 2506 obuiam
796 2429 890 2509 itum
916 2429 1085 2529 esset,²¹)
1110 2431 1259 2506 tandem
1286 2455 1320 2504 a.
1338 2428 1411 2506 llo
1427 2453 1464 2506 a.
1486 2427 1591 2502 cna
1611 2428 1791 2520 Mamilio,
1817 2430 1903 2506 trib.
1924 2431 2047 2531 pleb,
2064 2429 2208 2531 rogatio
2233 2453 2327 2527 per-·

361 2583 365 2592 ·
430 2553 505 2628 lata
530 2559 601 2640 cst,
627 2546 683 2650 uti
708 2557 951 2646 quaereretur
976 2546 1015 2620 in
1042 2571 1128 2638 eos,
1154 2571 1311 2645 quorum
1337 2543 1493 2622 consilio
1518 2544 1699 2644 Iugurtha
1724 2556 1875 2620 senatus
1903 2548 2054 2622 demeto
2077 2545 2324 2645 neglexisset,

344 2729 350 2738 .
431 2667 567 2767 quique
605 2664 651 2736 ab
689 2687 736 2736 eo
769 2661 809 2736 in
841 2661 1090 2763 legationibus
1124 2672 1188 2736 aut
1224 2659 1395 2762 imperiis
1433 2661 1635 2761 pecunias.
1650 2661 1895 2765 accepissent.
1914 2661 1963 2764 ²⁸)
2021 2665 2082 2739 Ac
2116 2686 2325 2762 quanquam

430 2781 484 2861 M.
510 2779 686 2869 Scaurus,
713 2777 906 2877 Calpurnii
931 2779 1100 2879 legatus,-
1116 2778 1312 2869 effecerat,
1338 2786 1381 2853 ut
1404 2775 1488 2877 ipse
1514 2775 1554 2853 iu
1579 2777 1712 2871 trium,
1738 2779 1802 2879 qui
1826 2782 2054 2881 rogabantur
2078 2805 2130 2857 ex
2156 2805 2201 2855 ea
2224 2778 2325 2881 lege,

432 2906 669 2997 quaestorum
689 2918 845 2969 numero
867 2907 1069 2987 crearetur,
1094 2905 1220 2971 tamen
1240 2891 1411 2996 quaestio
1432 2918 1566 2993 aspere
1588 2905 1627 2968 et
1647 2894 1835 2969 uiolenter
1854 2888 2033 2989 exercita,
2059 2920 2181 2996 neque
2202 2898 2324 2971 solum

431 3008 637 3092 recentium
664 3009 859 3084 criminum·
882 3011 928 3083 ab
955 3008 1132 3110 singulis,
1167 2994 1235 3085 sed
1260 3021 1429 3087 veterum
1456 3000 1674 3084 iniuriarum
1708 3013 1753 3086 ab
1785 3011 1976 3087 universis
2001 3038 2146 3116 poenae
2173 3023 2324 3115 repete·
2371 3015 2378 3023 ’

431 3130 582 3219 bantur,
615 3132 658 3201 ut
683 3126 752 3201 hoc
777 3125 862 3225 lege
888 3134 1003 3201 totam
1028 3125 1259 3201 nobilitatem
1286 3126 1408 3200 lusam
1433 3122 1532 3197 dicat
1558 3124 1771 3229 Sallustius.
1788 3125 1838 3226 ²²)
1888 3130 1946 3202 Ac
1972 3130 2133 3228 priunum
2157 3128 2203 3207 1..
2231 3128 2327 3230 Opi-
2368 3124 2372 3131 ’

433 3247 559 3335 mium,
590 3242 631 3315 G.
658 3240 822 3317 Gracchi
848 3242 1140 3334 interfectorem,
1167 3266 1278 3343 quem
1302 3266 1336 3316 a.
1366 3240 1440 3317 12⁰
1463 3264 1497 3316 a.
1523 3240 1591 3316 ch,
1618 3266 1655 3317 n.
1682 3243 1823 3319 frastra
1847 3242 1896 3344 Q
1921 3241 2075 3336 Decius,
2100 3245 2185 3323 trib.
2211 3247 2325 3345 pleb,

411 3367 685 3448 accusaverat,
704 3358 753 3458 ³⁰)
780 3360 1014 3451 „absolutum
1040 3384 1062 3433 a
1086 3360 1240 3459 populo,
1267 3382 1382 3459 quum
1396 3366 1537 3431 contra
1560 3356 1693 3457 populi
1717 3360 1881 3435 studium
1907 3360 2087 3453 stetisset,
2113 3360 2325 3437 Gracchani

434 3472 576 3550 indices
603 3474 834 3571 sustulerunt
842 3480 878 3567 “,
895 3472 944 3574 ²¹)
978 3497 1107 3573 quem,
1141 3498 1350 3573 quanquam
1374 3471 1544 3551 Mamilia
1566 3474 1651 3573 lega
1678 3473 1872 3553 damnatus
1898 3488 2020 3570 esset,
2054 3490 2177 3553 umen
2191 3471 2325 3551 ‘Grac-

434 3592 637 3667 chanorum
661 3597 872 3689 temporum
897 3588 1077 3667 iuvidiam
1102 3592 1315 3691 perdidisse
1341 3586 1579 3685 consentiens
1606 3600 1665 3665 est
1690 3592 1876 3666 sententia
1902 3592 2130 3691 omnium.³²)
2169 3591 2215 3665 1..
2229 3591 2324 3693 0ρί-

434 3706 550 3817 mius,
576 3706 688 3781 homo
714 3712 824 3781 antea
847 3704 970 3787 clarus
997 3714 1036 3779 et
1060 3704 1100 3781 in
1126 3716 1261 3783 senatu
1284 3714 1439 3826 potens,
1456 3702 1506 3802 ³³)
1532 3702 1646 3800 civis,
1676 3716 1718 3784 ut
1743 3706 1876 3785 Cicero
1902 3710 2012 3803 dicit,
2045 3703 2324 3813 praestantissi-

438 4032 474 4101 ιι)
484 4030 532 4083 sse
540 4028 663 4099 nuputm
674 4044 724 4097 per
734 4028 891 4096 Setptoaem
904 4026 1075 4098 apubllearro
1087 4028 1182 4085 oonsol
1193 4028 1283 4083 factm
1295 4035 1344 4085 est.
1414 4028 1450 4091 ²⁸)
1469 4018 1527 4085 cre.
1545 4027 1581 4082 ds
1598 4038 1666 4089 orat
1684 4034 1710 4099 b,
1729 4032 1774 4099 ⁷⁰,
1791 4033 1851 4091 28³·

359 4144 364 4153 .
470 4097 667 4155 Pseudo-Aac.
691 4099 718 4150 in
737 4096 817 4152 vam.
841 4098 874 4164 2,
895 4112 923 4169 p-
946 4100 1002 4159 tin
1023 4096 1087 4165 (lm
1114 4098 1193 4171 plura
1219 4096 1346 4170 exempla
1414 4101 1438 4133 ²¹
1469 4098 1536 4152 Sall.
1555 4099 1611 4171 lug.
1629 4102 1672 4157 27.
1691 4104 1735 4161 ³0.
1754 4104 1796 4161 η

468 4168 604 4239 praebent
621 4164 740 4223 osurtt
1414 4172 1438 4205 ²¹
1470 4167 1504 4221 lb.
1524 4170 1568 4225 tu

437 4240 476 4309 υ)
491 4236 559 4293 sor.
579 4234 634 4306 ag.
656 4236 695 4291 ro.
838 4292 841 4298 ,
937 4250 941 4260 ·
1414 4239 1438 4273 ¹·
1469 4236 1504 4291 a.
1523 4239 1565 4295 ro.
2099 4298 2103 4303 ,

437 4310 475 4445 ¹⁸)
491 4308 526 4363 lb.
543 4308 586 4363 M.
947 4356 951 4363 .
1411 4323 1452 4389 ²⁰)
1469 4322 1526 4375 Cle.
1537 4322 1658 4391 deorssa,
1675 4326 1718 4390 M,
1740 4327 1805 4390 1063
1823 4318 1858 4379 el'.
1867 4322 1990 4379 Freinsh.
1999 4322 2088 4395 suppl.
2098 4322 2160 4382 Ην.
2169 4325 2324 4399 1111οη11.

1415 4408 1452 4477 ⁸¹)
1472 4407 1528 4461 cte.
1546 4408 1625 4465 Brut.
1635 4410 1687 4475 bd,
1708 4412 1766 4468 ltu

1414 4493 1453 4565 ²⁸)
1471 4492 1527 4547 cte.
1545 4511 1571 4563 p.
1590 4493 1747 4583 Plastebb,
1764 4495 1813 4579 ⁷03
1831 4496 1858 4548 ln
1877 4494 1972 4551 Piros
1989 4496 2034 4561 39,
2051 4498 2100 4561 053
2119 4497 2216 4551 Amor
2233 4496 2261 4549 lu
2279 4494 2325 4550 Pl·

1448 4560 1731 4753 il)l.'.l⁷f3rlihl‡
1746 4560 2326 4705 thna⁰otttdth⁰Mtttt

1451 4716 1661 4756 mmmm

1418 4770 1672 4857 mmmm

438 4381 463 4484 :2
492 4377 526 4430 ib.
547 4376 587 4431 lo.
624 4372 697 4428 Plut.
716 4371 746 4427 (l.
766 4370 812 4427 Gr.
834 4372 875 4427 18.

590 4462 606 4497 ll
687 4482 708 4507 ·.
