5092 5650
2044 361 2113 450 ul

226 617 310 694 qne,
336 593 493 675 mollitia
519 595 689 697 corporis
715 595 893 676 infames:
909 593 938 696 ⁷)
963 596 1276 691 Hortensiorum,
1302 608 1360 674 tot
1385 599 1609 694 Consulum,
1637 605 1695 676 tot
1717 599 1950 678 Dictatonrm
1976 627 2114 702 proge-

225 711 320 804 nies,
348 714 395 787 ad
414 713 626 814 pudendam
648 713 810 815 inopiam
832 714 999 814 delapsa,
1026 715 1218 812 tristisque
1239 716 1389 814 tyranni
1411 715 1704 793 misericordiam
1724 718 1864 792 frustra
1888 718 2114 818 fatigans=⁸)

223 828 371 904 Aurelii
397 830 549 926 Cottae,
575 830 771 930 pecuniam
797 855 956 908 munem
983 858 1005 910 a
1030 832 1201 933 principe
1227 832 1476 933 accipientes:
1493 832 1522 934 θ)
1548 832 1675 926 Furii,
1709 833 1837 926 Fabii,
1863 834 2009 927 Porcii,
2035 835 2114 910 Va-

137 975 141 984 ·
223 943 328 1038 larii,
362 956 584 1046 ceteraeque
610 959 760 1026 veteres
787 959 826 1024 et
851 948 1020 1026 illustres
1046 958 1199 1050 gentes,
1233 971 1389 1048 quarum
1413 960 1568 1050 tropaea
1595 960 1706 1048 atque
1731 949 1873 1048 templa
1904 951 2113 1051 conspicie-

222 1063 375 1156 bantur,
392 1075 579 1148 ‚canentes
604 1065 724 1160 tibiis,
749 1066 948 1160 saltantes,
971 1065 1188 1166 tragoedias
1213 1076 1381 1167 agentes,
1405 1091 1522 1166 equos
1548 1065 1744 1166 agitantes,
1770 1065 2113 1145 beduu'occideu-

223 1187 301 1282 tes,
336 1181 558 1283 gladiatmio
584 1208 739 1260 munere
765 1182 1035 1284 depugnantes.
1053 1184 1099 1284 ¹⁰)

389 1297 530 1376 Verum
557 1324 764 1399 quanquam
790 1301 971 1401 proclivis
992 1302 1051 1377 ad
1085 1300 1252 1378 deterius
1288 1299 1351 1378 via
1371 1309 1455 1392 est,
1488 1324 1696 1399 quanquam
1720 1301 1901 1377 nobilium
1927 1302 2113 1402 pernicies

224 1413 288 1510 iel
313 1413 480 1514 ipsorum
506 1420 616 1518 culpa
640 1420 703 1493 vel
729 1417 949 1494 crudelitate
975 1417 1208 1519 principum,
1238 1419 1303 1493 vel
1327 1429 1538 1520 temporum
1564 1417 1657 1494 titio
1684 1421 1953 1512 maturabatur,
1989 1430 2114 1494 tamen

221 1554 344 1630 neque
379 1555 451 1610 nna
483 1545 637 1610 cunctos
669 1535 809 1610 bellum
842 1532 954 1610 civile
979 1534 1164 1636 perdidit,
1199 1560 1323 1635 neque
1349 1535 1472 1612 cuncti
1496 1534 1628 1628 simul,
1662 1536 1893 1613 declinantes
1918 1535 1959 1612 in
1990 1534 2113 1636 peius,

223 1648 271 1726 ad
295 1646 452 1726 nihilum
476 1651 702 1728 reciderunt.
754 1650 850 1728 Post
873 1677 1036 1753 pugnam
1050 1651 1240 1728 Actiacam
1266 1652 1470 1729 illustrium
1495 1653 1662 1753 gentium
1688 1663 1791 1728 certe
1816 1652 1967 1730 uomina
1992 1651 2113 1752 pluri-

222 1790 364 1844 marum
390 1771 599 1861 exstabant,
625 1778 666 1844 et
691 1767 756 1843 illa
780 1769 1013 1870 principibus
1039 1768 1302 1861 formidabilia,
1327 1771 1525 1846 multarum
1551 1795 1599 1845 ne
1625 1781 1706 1846 tum
1725 1769 1875 1870 quidem
1895 1781 1960 1846 aut
1979 1768 2113 1846 animis

222 1895 287 1960 sut
313 1886 447 1986 opibus
471 1882 744 1983 imminutis.¹¹)
783 1887 902 1977 „Nam
928 1886 1121 1962 etiamtum
1145 1887 1309 1989 plebem,
1334 1887 1469 1980 socios,
1495 1913 1611 1986 regna
1636 1887 1762 1964 colere
1788 1899 1828 1964 et
1851 1887 1926 1964 coli
1949 1886 2113 1965 licitumt

223 2011 264 2077 ut
290 2003 445 2103 quisque
473 2001 627 2105 opibus,
654 2003 777 2096 domo,
803 2015 934 2104 paratu
962 2002 1174 2104 speciosus,
1200 2027 1271 2104 per
1296 2025 1432 2080 nomen
1458 2013 1498 2078 et
1522 2003 1717 2080 clientelas
1742 2004 1925 2085 illustrior
1950 2005 2113 2080 habeba·
2227 2031 2233 2039 ⁴

222 2119 375 2220 iar⁴‘‚¹²)
397 2120 588 2196 Nondum
613 2119 733 2198 libera
757 2143 834 2198 vox
858 2120 898 2196 in
925 2129 1057 2196 senatu
1083 2119 1381 2221 conticuerat,¹³)
1406 2121 1571 2196 nondum
1592 2122 1780 2196 scribendi
1803 2121 1957 2198 libertas
1979 2119 2112 2197 edictis

224 2237 406 2329 coercita,
424 2235 469 2336 ¹⁴)
507 2238 673 2314 nondum
704 2238 960 2314 restituendae
993 2235 1224 2340 reipublicae
1258 2263 1348 2338 spes
1381 2261 1537 2340 prorsus
1570 2236 1716 2312 abiecta
1747 2251 1839 2314 erat.
1904 2237 2112 2340 Quinquies

220 2349 261 2430 in
286 2354 497 2453 Augustum
529 2357 630 2432 facta
661 2365 720 2442 est
744 2355 969 2450 coniuratio,
991 2355 1036 2456 15)
1072 2367 1112 2432 et
1137 2354 1210 2430 fuit
1235 2362 1404 2456 tempus,
1438 2380 1522 2431 cum
1546 2356 1663 2432 lorica
1689 2357 1759 2430 aab
1791 2365 1900 2430 veste
1934 2354 2111 2445 munitus,

221 2469 399 2572 ferroque
426 2470 568 2548 cinctus
594 2473 741 2550 senatui
766 2471 1012 2574 praesideret,
1034 2471 1079 2568 11)
1105 2472 1341 2574 primusque,
1367 2483 1410 2549 ut
1434 2473 1590 2575 petitam
1615 2471 1729 2548 toties
1754 2466 1902 2548 insidiis
1927 2471 2044 2546 situm
2064 2469 2111 2567 Π)

223 2596 411 2680 tueretur,
444 2591 739 2690 praegustatoris
774 2589 940 2666 officium
965 2589 1199 2668 instituereta
1217 2588 1262 2691 18)
1296 2592 1507 2688 multosque
1534 2589 1672 2681 fuisse,
1704 2588 1769 2688 qui
1795 2585 1995 2690 Caepionis
2021 2609 2113 2662 susa

219 2697 297 2780 non
322 2703 586 2806 improbarent,
613 2705 746 2784 Diouis
772 2706 983 2784 narratione
1009 2731 1085 2784 uon
1112 2708 1270 2783 obscure
1296 2705 1593 2806 significatur.¹⁰)
1639 2707 1696 2782 Ac
1721 2731 1842 2805 neque
1869 2729 1937 2781 eos
1960 2701 2112 2804 quidem

222 2845 352 2898 omnes
385 2847 691 2917 commemorem,
724 2821 786 2923 qui
822 2826 891 2900 sub
924 2825 1095 2925 Augusto
1129 2832 1301 2902 veterum
1333 2822 1588 2901 institutorum
1621 2825 1865 2904 admiratores
1896 2822 2113 2923 incorrupta

220 3008 641 3027 mm

224 3098 248 3166 1)
267 3092 406 3165 1111515,
425 3099 467 3155 19.
495 3100 530 3153 de
539 3098 624 3154 Fabio
634 3098 749 3153 Persico
767 3115 793 3153 v.
804 3098 901 3155 Senec.
921 3061 1072 3173 dabani,
1087 3098 1133 3155 ab.
1229 3097 1342 3173 gnitude
1360 3097 1448 3152 lamas
1466 3100 1551 3153 esitio
1568 3108 1638 3164 erut,
1658 3100 1742 3153 ceteri
1759 3098 1796 3152 ad
1813 3098 1980 3167 sapientiora
1997 3108 2110 3148 conver·

223 3184 248 3255 s)
266 3179 329 3235 Tac,
349 3183 418 3237 Am,
437 3185 463 3250 2⁸
483 3186 525 3241 33,
561 3188 636 3243 Suet·
654 3184 712 3239 τὼ,
731 3185 774 3239 47,
810 3186 872 3239 gp„
889 3187 1015 3255 exempl,
1035 3202 1134 3241 omn,
1228 3178 1305 3237 tere,
1326 3168 1405 3222 dmul
1423 3170 1488 3222 novi
1506 3169 1629 3223 homines
1648 3187 1664 3223 c
1683 3168 1833 3238 municipiis
1851 3175 1879 3219 ct
1896 3164 2011 3251 coloniis
2028 3172 2112 3247 atque

256 3253 428 3307 recreantibus
454 3254 571 3326 suppleri
618 3273 649 3309 ῃ
671 3256 822 3325 Augustum
849 3255 931 3309 habau
949 3254 1132 3321 n105352
1228 3242 1310 3294 etlam
1328 3239 1477 3308 provinciis
1493 3240 1655 3293 incenatum
1672 3238 1769 3293 crebro
1785 3236 1920 3306 ndsmnpts
1934 3233 2112 3289 domesticam
2173 3288 2179 3299 ,

255 3322 300 3397 us,
322 3322 361 3379 17.
398 3324 442 3391 55,
462 3326 503 3380 ra
539 3323 582 3378 ne
599 3276 710 3380 inuria
727 3340 754 3377 v.
774 3322 856 3377 naon.
874 3323 925 3389 aa,
948 3324 991 3377 n.
1027 3324 1071 3388 aa,
1092 3322 1133 3378 ro.
1227 3309 1420 3377 melaniam
1440 3308 1595 3361 insubrum·

258 3392 294 3447 de
335 3402 478 3463 aupertate
503 3394 645 3449 multorum
671 3402 827 3449 senatorum
851 3394 901 3449 sab
919 3392 1033 3449 Claudio
1050 3390 1134 3449 Dion·
1196 3394 1230 3463 ¹¹)
1250 3394 1324 3447 Suet
1343 3394 1412 3462 aug.
1432 3395 1476 3458 51,
1494 3392 1537 3445 55Ι
1566 3391 1630 3445 Tac.
1649 3391 1719 3445 dnn.
1738 3389 1766 3457 5,
1783 3392 1826 3446 75.
1852 3389 1950 3445 Sanec.
1968 3388 2004 3443 de
2021 3388 2110 3445 benai.

256 3457 300 3527 60,
356 3504 362 3517 .
399 3464 434 3519 ds
450 3463 619 3533 Vespasiano
635 3466 709 3519 Suet.
727 3462 810 3534 Vesp.
832 3464 873 3521 17.
1228 3462 1255 3527 3,
1274 3464 1318 3517 17.
1354 3462 1424 3516 Sub
1449 3462 1711 3534 dlvoAugusto
1736 3460 1885 3515 noudum
1908 3460 2110 3515 bominibus

237 3549 260 3619 ⁹)
278 3548 341 3604 Tac.
360 3552 429 3607 Amr.
449 3552 492 3616 13,
510 3552 553 3607 51.

226 3637 261 3705 11)
279 3634 392 3707 oloqui,
414 3637 455 3703 17,
473 3636 519 3707 qui
538 3635 577 3689 sic
594 3636 698 3707 pergite
717 3636 763 3690 arci
779 3634 1023 3691 ldmiodrc'mcr
1039 3654 1071 3707 ys
1090 3632 1135 3689 ai·

259 3706 319 3765 seris
336 3708 451 3774 uiuae
464 3708 511 3761 aei
531 3709 659 3779 iniisyor,
677 3708 830 3765 Μακεδόνες
846 3707 910 3777 μὲν·
936 3696 1011 3763 odsdr
1029 3708 1099 3759 ἐστιν
1121 3703 1136 3757 i
1168 3718 1174 3725 ·

260 3777 423 3833 minuitas
439 3780 563 3849 ἔκγονον
577 3777 695 3841 Ἓλληνες
712 3778 756 3830 oi·
775 3768 849 3835 οὗτος
868 3776 1067 3847 τοῦΜομμίου·
1086 3781 1135 3829 Σι-

257 3850 388 3902 nisurus·
414 3848 483 3901 idest
502 3848 546 3901 τὸν
563 3848 710 3901 Κλαύδιον·
733 3846 901 3919 Ἠπειρῶταν
927 3848 997 3901 ἴδετε
1014 3846 1060 3899 τὸν
1072 3844 1135 3899 ’Ἆπ-

220 3982 222 3987 .
260 3932 322 3969 nass
339 3918 459 3981 uotoni,
477 3918 522 3970 τόν
539 3921 664 3971 Aodssov·
678 3916 777 3987 Ἴβηρες
794 3916 841 3973 adr
858 3918 1007 3972 Heinius·
1024 3922 1136 3991 Καρχη-

262 3986 347 4041 do'asos
363 3986 526 4061 Ἀφρικανόν,
544 3988 673 4057 Ῥωμαῖοι
690 3987 719 4039 oi
737 3988 844 4042 πάντας.

226 4072 262 4139 ²¹)
281 4068 344 4123 Tac.
362 4074 430 4125 dnn.
450 4071 482 4139 3,
506 4072 549 4126 55.
585 4070 619 4123 de
644 4070 725 4125 linaiis
748 4087 778 4127 v,
802 4068 881 4123 eund.
905 4067 942 4121 ib.
964 4068 998 4135 3,
1023 4068 1065 4123 711.
1101 4068 1137 4122 de

257 4138 381 4195 horulis
404 4142 479 4195 Suet.
504 4140 562 4194 lib.
587 4140 630 4193 so.
667 4142 764 4195 Sencc.
790 4139 825 4194 de
849 4136 938 4193 bonci.
962 4136 1064 4205 1,17.
1102 4137 1137 4191 dc

257 4208 369 4280 Lepidis
387 4208 449 4264 Tac.
467 4214 536 4267 Anu.
554 4212 580 4277 ii,
598 4210 640 4267 ii.

225 4300 260 4367 ¹²)
279 4295 341 4351 Tac.
360 4296 429 4349 dnn.
448 4296 481 4364 5,
502 4298 546 4352 55.
583 4296 676 4352 Lusias
694 4310 818 4361 mensae,
843 4292 934 4348 ollae
951 4294 1055 4349 Actiaci
1073 4292 1135 4348 belii

256 4366 292 4421 ad
318 4382 352 4420 eo
375 4382 466 4431 armo,
491 4368 627 4435 quisset.
647 4366 733 4419 Galba
757 4380 846 4419 renna
870 4363 1061 4433 crispinum,
1086 4380 1137 4435 per

255 4454 341 4491 annos
359 4437 601 4506 centumpaulinis
619 4434 768 4505 sumptibus
787 4434 913 4497 exerciti,
932 4433 1071 4517 paullatim
1091 4452 1136 4487 es·

257 4507 376 4563 olevers.
412 4506 530 4561 caussas
548 4508 606 4561 elus
623 4506 779 4560 mutationis
816 4521 929 4558 asserere
947 4504 1020 4557 libat.
1056 4502 1136 4557 Dites

258 4576 321 4631 olim
347 4576 463 4631 familiae
487 4575 614 4630 nobilium
636 4583 683 4628 sart
706 4522 866 4629 claritudine
884 4574 1019 4647 insignes,
1045 4573 1135 4694 stbudio

256 4642 833 4789 aiuisszaizlzlttiuiinili
852 4643 1135 4784 altitudini:

258 4786 355 4852 domo,
378 4795 475 4857 paratu
493 4788 650 4859 speciosus,
675 4802 726 4856 per
742 4800 841 4847 nomen
861 4794 888 4839 et
906 4784 1046 4839 clientelas
1068 4782 1135 4835 lnio-

257 4856 340 4911 atrior
358 4856 522 4913 habebatur:
546 4864 689 4929 postquam
708 4856 837 4911 caedibus
853 4856 1010 4929 *auritum
1033 4861 1064 4909 ct
1080 4870 1134 4909 aaa

1227 3531 1338 3585 verbs
1357 3547 1421 3585 sua
1438 3530 1646 3602 periculosa
1664 3539 1779 3597 erant,
1797 3531 1864 3584 iam
1883 3530 2045 3585 molesta.
2080 3545 2108 3582 v.

1229 3618 1301 3671 quae
1317 3601 1389 3655 idem
1407 3601 1443 3655 de
1452 3602 1532 3659 linio.
1550 3602 1611 3655 viro
1630 3601 1732 3655 ordinis
1748 3602 1888 3667 senatorii,
1906 3608 1999 3654 narrat
2012 3596 2111 3651 wdem

1228 3670 1302 3725 leco.
1340 3670 1381 3725 Gi.
1401 3673 1498 3726 Sencc.
1519 3672 1650 3726 Contrua.
1669 3676 1695 3737 2,
1716 3672 1758 3737 la,
1780 3688 1806 3740 p.
1826 3669 1876 3723 195
1895 3670 1938 3725 ed.
1957 3669 2043 3722 Amat.

1197 3760 1232 3829 ¹⁴)
1252 3756 1294 3813 Gi.
1313 3756 1457 3813 Weicbert
1476 3767 1563 3829 posit.
1581 3756 1642 3812 Lat.
1663 3757 1720 3812 rell.
1740 3774 1765 3827 p.
1784 3759 1844 3813 555.
1873 3756 1962 3841 Atque
1980 3753 2023 3806 bic
2042 3770 2110 3807 aruris

1229 3823 2108 4021 ’,5555.151.55ζ.111515515155555

1254 3967 1310 4021 aris
1322 3965 1396 4019 lsai.
1433 3960 1474 4018 tie
1485 3964 1628 4018 'historicis
1647 3964 1723 4017 liuius
1742 3964 1880 4033 temporis,
1899 3962 2032 4027 labieno,
2048 3962 2109 4015 nu·

1230 4038 1285 4102 nlo,
1302 4034 1457 4104 'limagene
1475 4034 1612 4087 Cremuilo
1631 4032 1733 4101 Cordo,
1752 4032 1874 4101 reliquis,
1892 4033 1980 4103 deque
1994 4031 2110 4092 iamosis

1229 4104 1328 4159 libellis
1346 4103 1400 4158 alio
1419 4103 1481 4156 loco
1500 4102 1596 4157 dicam.

1198 4194 1232 4261 ¹⁸)
1251 4193 1327 4247 Suam.
1346 4186 1409 4245 (iot.
1430 4188 1472 4255 19,
1490 4190 1533 4245 uo.
1560 4188 1618 4243 Tib.
1636 4186 1662 4245 Β.
1688 4183 1759 4245 Veli.
1776 4192 1804 4257 1,
1821 4187 1866 4246 ot.
1893 4190 1958 4246 Sos.
1977 4188 2013 4243 ds
2030 4186 2108 4241 clem

1232 4264 1257 4328 l,
1275 4262 1300 4317 u.
1337 4257 1373 4317 de
1390 4258 1466 4314 brev.
1486 4262 1533 4315 vit.
1552 4260 1578 4313 5.

1198 4350 1232 4489 :33
1251 4348 1319 4473 iu
1341 4345 1470 4473 iai
1505 4344 1683 4486 5551·

1316 4457 1323 4471 .
1369 4458 1375 4470 .
1424 4457 1430 4470 .
1474 4454 1483 4483 ,
1635 4456 1642 4469 .

1197 4503 1357 4626 ²quiihseacet
1391 4570 1463 4625 laud.
1481 4574 1525 4628 11.
1556 4566 1686 4626 ¹biorcelli
1705 4586 1768 4639 opp.
1788 4570 1876 4654 epigr3
1890 4566 1952 4621 vot.
1965 4564 1986 4631 i,
2004 4582 2031 4635 p.
2051 4564 2110 4621 119·

1230 4640 1390 4711 Qusuqoam
1418 4640 1473 4695 boc
1502 4641 1621 4695 osticium
1651 4658 1686 4694 ne
1714 4639 1802 4693 libem
1833 4639 1942 4707 (pardem
1971 4635 2112 4707 republica

1229 4710 1451 4837 lquo‘t'ffioiufllqpe
1467 4712 1553 4767 docet
1572 4717 1788 4781 „praegustator
1805 4709 1969 4763 iliaidlnun⁴‘
1990 4724 2033 4779 sp.
2053 4706 2110 4761 cte

1162 4798 1411 4924 ldmma

1646 4940 1695 5005 7*

1420 4503 1429 4555 1
1447 4502 1556 4573 quidem
1574 4500 1711 4557 nstantia
1727 4506 1769 4554 est
1786 4498 1822 4551 sd
1839 4496 1903 4551 Tac.
1913 4496 1983 4551 dnn.
2005 4496 2048 4561 l2,
2064 4496 2109 4549 117·
2224 4550 2227 4554 ,
